2864 5334
144 457 219 523 xviii
526 453 596 522 AD
633 448 936 521 LECTOREM.

187 632 262 697 Jam
275 652 361 709 vero,
377 653 441 718 quo
449 629 559 697 melius
573 651 762 710 caveremus,
777 651 819 694 ne
828 627 925 693 moles
939 623 1055 690 inutilis
1065 619 1196 688 editioni
1207 641 1282 686 nos·

145 756 204 809 trae
218 765 259 808 ex
271 743 401 829 prolixis
421 743 656 830 repetitionibus
677 753 876 819 accresceret,
898 752 930 804 et
943 737 1079 824 pretium
1099 735 1218 821 pariter
1231 733 1283 796 in·

144 855 344 932 cenderetur;
364 854 460 920 libros
473 854 552 934 illos,
567 856 622 941 qui
643 853 842 920 varietatibus
862 851 1008 916 codicum
1031 847 1132 913 MSS.
1154 848 1217 911 sint
1230 847 1282 910 in·

145 968 265 1045 structi,
281 979 313 1032 et
326 967 410 1052 ipsos
423 967 545 1032 codices
558 977 706 1031 tractatos
719 964 822 1042 nobis,
838 961 1078 1049 compendiariis
1092 959 1284 1025 characteri·

145 1079 205 1146 bus
219 1077 439 1168 siginificandos
452 1099 518 1143 esse
528 1077 689 1143 duximus:
701 1098 837 1164 qnorum
849 1095 935 1140 nunc
949 1073 983 1138 in
993 1071 1105 1138 ordine
1114 1072 1197 1137 ratio
1210 1069 1284 1136 red·

151 1191 256 1257 denda
270 1203 325 1257 est

194 1408 235 1473 V.
251 1408 300 1473 ed.
321 1407 426 1473 literoe‘
442 1405 607 1496 desigrrant
632 1405 802 1472 editionem
827 1404 912 1471 illam
937 1402 1143 1482 Vmorem,
1170 1401 1286 1490 dequd

150 1520 259 1601 modo,
274 1531 352 1607 quot
365 1518 529 1585 habuerim
543 1517 688 1599 dicenda,
704 1517 781 1583 dixi

198 1748 237 1813 B.
260 1747 403 1836 designant
417 1747 557 1811 codicem
576 1748 778 1812 Bodleiamm
793 1745 926 1826 oxonii,
942 1744 1029 1833 cujus
1043 1754 1221 1812 accuratam
1243 1756 1292 1811 at·

152 1880 215 1946 que
227 1879 342 1922 novam
364 1857 560 1923 collationem
585 1880 618 1922 sc
638 1869 767 1922 nactum
787 1880 853 1922 esse
866 1857 1019 1946 gloriatur
1035 1857 1291 1943 Havercampus3

153 1991 229 2034 nam
252 1967 421 2033 Creechius
440 1968 529 2053 prior
549 1966 744 2032 adhibuerat.
790 1967 874 2030 Cum
895 1966 957 2030 hoc
979 1966 1087 2030 codice
1109 1980 1140 2032 et
1155 1968 1294 2033 editione

154 2079 329 2146 Veronensi
342 2091 431 2144 tanta
443 2093 490 2145 est
503 2079 667 2144 consensio
680 2078 877 2156 varietatum,
896 2088 932 2142 ut
946 2077 1035 2141 valde
1049 2079 1221 2162 suspicatus
1236 2081 1296 2144 sim

154 2191 262 2257 dolum
277 2191 411 2278 aliquem
425 2189 594 2266 collatoris3
611 2210 712 2275 neque
722 2188 809 2274 prius
823 2186 884 2252 hac
894 2188 1070 2273 suspicione
1084 2211 1153 2252 sum
1164 2188 1295 2271 solutus,

129 2378 141 2391 ,
155 2326 252 2393 quam
265 2303 307 2368 ad
321 2301 492 2368 secundum
505 2301 621 2365 librum
635 2322 720 2365 meas
728 2299 1012 2365 animadversiones
1026 2301 1295 2368 continuaveram:

156 2427 226 2482 tum
239 2415 367 2480 demum
375 2414 423 2477 vir
433 2412 651 2499 amplissimus,
667 2409 873 2475 (inarmatus
881 2410 1047 2488 Jacnson,
1060 2411 1098 2475 B.
1111 2412 1155 2477 D.
1165 2414 1198 2475 in
1211 2415 1297 2480 Aca·

157 2524 260 2592 demisi
274 2522 491 2589 florentissimi
514 2521 694 2588 Oxoniensi
704 2520 869 2606 praelector
884 2520 1009 2586 Graecoe
1025 2521 1143 2610 liuguae
1157 2522 1298 2590 doctissi-

157 2659 241 2715 mus,
256 2658 328 2700 cum
342 2657 406 2722 quo
416 2633 497 2699 forte
510 2630 635 2699 fortuna
649 2633 684 2695 in
692 2630 908 2718 bibliopolium
919 2630 1079 2718 quoddam
1095 2633 1300 2703 Londinense

157 2768 378 2826 conveneram,
390 2759 422 2811 et
433 2768 525 2833 super
533 2744 593 2811 hac
604 2766 638 2809 re
647 2765 804 2810 sermones
815 2743 980 2822 caderem
996 2742 1102 2807 falsam
1118 2757 1150 2808 et
1159 2747 1299 2835 iniquam

159 2860 354 2948 opinionem,
368 2837 429 2923 isto
443 2857 484 2922 de
498 2855 618 2936 codice,
633 2877 699 2921 non
714 2878 755 2921 ex
768 2856 855 2921 vanis
869 2854 1042 2921 rationibus
1063 2871 1238 2944 susceptam
1253 2875 1301 2926 ta-

158 2994 246 3050 men,
254 2990 307 3036 me
316 2968 494 3058 benigniter
502 2967 658 3033 dedocuit.
690 2965 1058 3033 Reveriinbibliotheesi
1068 2968 1241 3036 Bodleianit
1253 2972 1302 3038 ille

159 3084 262 3151 codex
269 3081 426 3169 hodieque
434 3090 621 3157 asservatum
643 3078 1302 3167 sednonmagnamvetuststemjactat,ne·

160 3218 223 3285 que
244 3193 351 3259 multae
364 3192 463 3280 frugis
477 3201 561 3270 sunt,
576 3212 648 3278 quse
669 3189 857 3269 nefenmtur,
871 3190 1057 3258 variationes
1070 3194 1146 3278 ejus:
1170 3195 1304 3283 ideoque

161 3328 228 3372 non
242 3305 339 3370 modo
352 3305 457 3369 miuus
470 3304 602 3389 poenitet
615 3303 827 3392 indiligentius
841 3304 996 3384 recensiti,
1012 3305 1066 3370 sed
1080 3327 1181 3393 angor
1195 3306 1302 3387 levium,

161 3417 435 3481 inhumanissimus
445 3414 642 3479 bibliothece
651 3414 833 3479 Bodleianae
841 3415 936 3503 leges,
952 3416 1097 3482 omnibus
1108 3418 1302 3500 mortalibus,

163 3528 318 3594 levissimo
332 3526 440 3591 saltem
453 3527 604 3592 contactis
618 3549 729 3613 sapore
743 3526 969 3607 doctrinamm,
985 3528 1060 3594 odio
1070 3540 1164 3617 atque
1172 3507 1299 3597 execra-

165 3641 252 3705 tione
266 3637 508 3733 prosequendas,
532 3638 610 3702 mihi
624 3638 755 3704 liberam
768 3639 986 3706 tractationem
1007 3640 1072 3726 q’us
1085 3640 1173 3706 haud
1186 3643 1303 3727 permi-

165 3752 249 3815 sisse.
295 3747 392 3828 Mox,
407 3760 445 3815 ut
457 3751 604 3839 augurari
626 3750 722 3831 soleo,
744 3751 898 3817 illucescet
918 3752 969 3817 ille
982 3752 1057 3824 dies,
1080 3774 1179 3838 quum
1194 3753 1304 3819 doctos

166 3861 311 3927 nomine
324 3873 356 3926 et
369 3850 529 3926 aarum
542 3862 713 3948 pensem
732 3862 875 3950 pudebit,
891 3886 923 3929 se
937 3874 1002 3929 um
1016 3864 1071 3929 <nu
1085 3844 1226 3928 maara
1240 3863 1304 3931 m

168 3995 205 4040 oe
219 3972 451 4038 conditionibus
463 3974 618 4060 patienter
631 3997 697 4041 esse
711 3975 1096 4064 colligatos-Caeterum,
1112 3976 1186 4040 satis
1196 3975 1304 4041 saltem

167 4096 304 4165 constat,
318 4085 487 4171 exemplari
502 4085 687 4168 Bodleiano,
703 4100 735 4154 et
749 4087 878 4154 editioni
892 4088 987 4154 dictae
1001 4088 1188 4166 Veronensi,
1204 4109 1304 4154 unum

167 4197 322 4278 codicem,
337 4195 389 4264 vel
394 4195 531 4283 ejusd
544 4219 672 4284 prorsus
685 4199 822 4280 familiae,
837 4200 1076 4290 proarchetypo
1089 4199 1235 4288 primitus
1247 4220 1304 4266 ea·

169 4309 290 4377 stitisse.
