2946 5356
473 569 550 637 .AD
566 565 879 640 LECTOREM.
1203 576 1238 642 ix

108 781 184 826 nam
214 776 378 823 urrunnu
401 773 537 832 ustum
560 766 626 819 tam
646 778 774 841 paucos,
798 755 852 842 qui
873 777 933 841 pro
954 755 1071 822 meritis
1093 758 1238 828 adndrsti

108 873 171 937 sint
195 869 347 936 artificem
370 867 538 933 Musarum
561 867 907 945 consummatissimum,
932 880 1057 954 etpost
1082 870 1235 953 Ennium,

110 985 208 1070 (cujus
230 1005 362 1068 operum
378 980 501 1066 jactura
523 980 634 1045 vulnus
647 981 741 1069 longe
762 981 944 1046 altissimum
958 993 990 1047 et
1010 982 1238 1051 immedicabile

109 1119 235 1184 prorsus
249 1093 429 1181 philologiae
444 1091 597 1156 inflictum
612 1098 670 1174 est)
693 1091 819 1156 Latinas
836 1095 964 1178 poeseos
986 1105 1160 1178 parentem:
1183 1096 1239 1162 sed

110 1209 207 1274 miror
221 1206 446 1282 vehementius,
462 1205 555 1269 etiam
570 1226 686 1290 paucos
700 1227 741 1269 ex
756 1204 794 1269 iis
814 1207 922 1290 paucis
935 1205 1073 1271 indolem
1087 1206 1157 1294 styli
1172 1208 1238 1274 Lu·

111 1321 238 1386 cretiani
252 1319 439 1404 percepisse:
462 1319 517 1381 vix
530 1318 627 1396 enim,
647 1316 842 1383 confidenter
863 1318 987 1411 loquor,
1011 1319 1059 1383 vel
1083 1341 1165 1386 unus
1189 1343 1239 1386 re·
1262 1321 1263 1325 ’

109 1433 246 1518 perietur
257 1431 437 1494 criticorum
452 1427 595 1493 doctrinis
618 1428 901 1537 celeberrimorumq
917 1430 971 1516 qui
986 1428 1105 1496 felicem
1118 1432 1152 1496 in
1166 1454 1240 1498 eum

111 1544 320 1630 conjecmram
333 1539 523 1626 periclitatus
545 1539 597 1603 sit:
618 1540 705 1626 quod
719 1541 753 1604 in
767 1539 870 1626 operis
891 1540 1035 1620 decursu,
1050 1553 1083 1607 et
1102 1543 1240 1609 maxime

112 1654 292 1733 incredulis,
307 1652 509 1740 liquidissime
522 1651 650 1738 patebit.

155 1880 326 1957 Caeterum,
342 1891 378 1944 ut
392 1901 462 1944 mea
472 1879 509 1947 in
523 1877 585 1943 hoc
602 1876 705 1943 officio
726 1876 883 1963 explendo
904 1875 1041 1942 subsidia
1062 1877 1240 1966 singillatim

113 2014 293 2080 persequar3
321 1991 487 2057 Lucretius
508 2003 615 2056 noster
635 1991 774 2076 primum
795 2001 866 2075 post
888 2001 1011 2054 renatas
1033 1989 1137 2056 literas
1159 1992 1241 2079 typis

114 2104 272 2192 evulgatus
289 2116 336 2167 est
354 2106 499 2181 Bresciae,
525 2127 583 2188 per
607 2105 808 2182 Ferendum,
836 2104 992 2168 sine‘anni
1005 2105 1175 2169 mentione:
1201 2105 1241 2170 de

115 2237 175 2301 quo
186 2215 266 2279 libro
280 2227 385 2279 tamen
396 2213 534 2278 inaudivi
545 2224 668 2278 tantum
682 2215 722 2279 ab
733 2214 912 2279 hominibus
922 2237 1027 2279 rerum
1039 2216 1243 2304 typographi·

114 2349 231 2405 canam,
256 2339 288 2391 et
301 2327 526 2411 exemplarium
540 2338 691 2404 veterum,
715 2326 944 2392 callentissimis.
990 2326 1133 2412 Hujusoe
1153 2329 1244 2393 editi·

114 2440 181 2503 onis
198 2462 239 2503 ne
253 2461 352 2503 unum
366 2438 524 2525 exemplar
538 2439 665 2525 quidem
690 2440 724 2502 in
739 2439 855 2528 anglis
877 2440 1024 2504 asservari
1039 2438 1188 2504 creditur:
1212 2451 1244 2504 et

115 2550 154 2615 de
173 2551 224 2615 illis
239 2551 320 2615 nihil
332 2549 463 2636 amplius
486 2552 637 2637 comperti
652 2565 767 2616 memet
781 2551 896 2617 habere
910 2551 1017 2616 fatcor.
1063 2551 1183 2617 Lucem
1197 2552 1243 2617 vi·

115 2664 194 2728 disse
204 2662 389 2749 perhibetur
404 2663 487 2728 circa
500 2685 619 2727 annum
634 2662 738 2728 salutis
759 2662 1093 2728 M.CCCC.LXXII.

160 2887 268 2952 Fditio
283 2886 429 2963 secunde,
445 2885 579 2965 infolio,
602 2908 673 2973 quae
695 2886 788 2976 vulgo
809 2886 954 2974 princeps
976 2887 1181 2966 existimatur,
1203 2886 1264 2951 ad»

118 2997 231 3064 calcem
247 3000 292 3063 sic
306 2999 454 3083 inscripta
469 3012 526 3062 est:

293 3227 311 3252 ‘⁴
323 3225 355 3278 T.
367 3222 486 3277 Lucretii
497 3222 568 3289 Cari,
580 3225 669 3294 po'etae
680 3220 885 3295 philosophique
897 3221 1072 3295 antiquissimi

296 3322 313 3346 “
325 3320 369 3373 De
381 3336 468 3372 rerum
480 3317 623 3389 primordia
635 3319 730 3373 naturai
741 3319 775 3373 ad
788 3319 944 3373 Memmium

296 3416 312 3440 “
326 3414 405 3468 Liber
417 3424 508 3468 sextus
521 3425 549 3468 et
560 3413 669 3469 ultimus
682 3414 791 3486 explicit
802 3412 932 3469 t'oeliciter.

297 3509 314 3535 “
328 3510 424 3562 Paalru
436 3508 507 3563 hunc
519 3509 651 3581 impressit
663 3512 855 3582 Fridenperger
865 3510 894 3566 in
911 3508 1016 3576 Verend,

298 3604 315 3630 “
329 3602 384 3672 Qui
395 3603 499 3672 genitus
509 3614 550 3657 est
561 3604 589 3657 in
602 3605 711 3658 Putavit
723 3606 779 3658 Αἶα»
789 3623 895 3677 magster.

297 3699 314 3725 ‘⁴
327 3698 370 3751 Ab
382 3698 564 3753 incarnatione
576 3697 686 3755 Christi:
708 3701 982 3757 MCCCCLXXXVI

301 3793 318 3819 “
331 3790 385 3847 Die
396 3792 523 3863 vigesimo
535 3805 631 3849 octavo
643 3795 798 3866 septembris
811 3796 894 3852 calcu.
906 3793 1048 3851 octobris.''

124 3999 230 4077 Quam
246 4000 284 4064 sit
306 4003 392 4065 omni
406 4023 521 4090 genere
546 4003 792 4089 corruptelarum
814 4001 1030 4067 refertissimus
1052 3998 1139 4063 hicce
1162 3997 1251 4076 liber,

123 4113 266 4198 apprime
280 4124 384 4176 tamen
406 4113 595 4193 utilissimus,
618 4128 726 4180 nostra
748 4115 915 4179 lectionum
938 4114 1093 4178 variarum
1115 4112 1253 4174 recensio

124 4227 196 4289 satis
212 4222 371 4288 indicabit.
417 4223 589 4311 Aliquoties
598 4225 749 4311 profecto,
760 4224 814 4289 sed
828 4226 993 4303 rarissime,
1009 4223 1084 4288 vitia
1098 4221 1254 4308 quaedam,

124 4334 217 4423 longe
232 4335 431 4413 crassissima,
454 4336 591 4420 prudens
614 4338 735 4401 silentio
757 4339 909 4423 proeterii3
934 4336 1052 4401 nullum
1075 4333 1204 4398 omnino
1219 4354 1256 4393 u·

126 4469 196 4512 sum
209 4445 367 4527 habitura,
383 4445 438 4513 sed
451 4448 547 4514 nitori
561 4460 740 4515 nostrarmn
755 4448 950 4516 solummodo
960 4450 1146 4537 paginarum
1160 4441 1256 4508 deho-
