2864 5334
550 551 906 670 usuuusumss
1033 577 1040 585 ’
1184 609 1292 679 mus

147 787 314 879 quidm,
331 787 1286 884 qimdumlaevimetuliosspeiu,humeto‚&c.fusequeos.

149 900 254 982 tundit,
267 922 349 989 quae
363 900 476 991 figure
486 923 604 980 ummo,
616 923 688 988 quae
702 901 817 982 dulcis,
827 926 900 990 quoe
914 905 1006 984 dura,
1016 929 1089 993 quae
1103 908 1209 974 mollio
1217 932 1287 975 cor-

149 1035 232 1103 pus,
249 1026 468 1101 componunt,
489 1015 532 1079 od
552 1035 616 1078 ver.
631 1016 705 1078 476.
750 1014 814 1080 ΙΧ.
838 1015 937 1082 Hunc
958 1016 1133 1106 lignatum
1154 1023 1287 1087 varieta-

150 1136 209 1192 tem
229 1148 299 1192 non
315 1149 387 1192 esse
400 1125 567 1205 infinitam,
590 1126 711 1191 semine
730 1138 837 1192 tamen
851 1129 990 1215 ejusdem
1011 1130 1124 1220 figuroe
1146 1133 1285 1214 infinito3

149 1259 258 1326 nunpe
270 1238 417 1305 rotunde
428 1261 493 1304 esse
506 1236 643 1315 infinita,
658 1238 822 1325 quadrato,
845 1241 906 1305 &c
923 1241 964 1306 cd
978 1265 1042 1307 ver.
1058 1251 1132 1310 580.
1156 1245 1202 1310 X.
1218 1246 1286 1312 De·

148 1372 230 1417 mum
243 1350 400 1431 ostendit,
422 1373 472 1416 res
485 1373 551 1417 non
565 1352 714 1437 componi
735 1374 754 1416 e
768 1352 937 1417 seminibus
952 1355 1090 1439 ejusdem
1103 1356 1230 1445 figurae3
1255 1371 1287 1424 et

147 1463 233 1530 seriis
246 1465 447 1552 argumentis
460 1464 585 1550 probat,
601 1476 748 1529 concreta
769 1465 877 1529 omnis
890 1465 1049 1531 variarum
1070 1469 1190 1534 semina
1204 1469 1287 1558 figu-

148 1596 248 1641 rarum
261 1574 499 1654 continerem
520 1597 584 1642 ver.
600 1578 674 1641 728.
720 1574 784 1640 XI.
806 1575 934 1640 Deinde
956 1577 1059 1655 docet,
1075 1580 1195 1646 semina
1215 1581 1286 1646 nul·

148 1683 187 1753 los
199 1687 317 1753 hebere
340 1687 517 1775 qualitates,
540 1708 616 1773 quas
639 1685 796 1750 sensibiles
818 1709 981 1765 vocemus3
1005 1688 1142 1754 colorem
1164 1691 1284 1778 utique,

148 1820 296 1886 soporem,
312 1798 428 1888 frigus,
443 1799 590 1877 colorem,
614 1799 672 1863 &c-
688 1799 777 1876 item,
801 1820 893 1862 sensu
908 1821 974 1864 non
988 1799 1118 1880 donari3
1142 1804 1285 1887 quumvis

147 1933 191 1976 res
203 1911 367 1990 colorutae,
380 1911 509 1998 scpidoe,
526 1910 647 1988 culidae,
662 1909 799 1998 frigidae,
817 1923 849 1976 et
859 1911 1028 1991 sensibiles,
1044 1934 1087 1976 ex
1101 1912 1139 1976 iis
1154 1935 1284 2000 compo-

147 2036 266 2102 nentem,
283 2023 327 2088 od
341 2045 410 2088 ver.
431 2031 522 2088 1021.
561 2023 643 2088 XII.
666 2024 820 2103 Demum,
835 2023 961 2089 infinito
974 2025 1094 2088 semina
1107 2045 1164 2109 per
1177 2023 1285 2088 infini-

148 2144 210 2203 tum
221 2137 319 2201 inune
333 2134 498 2200 volitantis
517 2133 658 2199 infinitos
679 2135 816 2200 mundos
837 2136 1038 2213 constituere,
1062 2157 1177 2222 eosque
1190 2156 1284 2200 mun-

149 2245 200 2312 dos
213 2248 323 2337 sugeri
338 2245 508 2332 sliqimndo
523 2268 543 2311 s
556 2246 726 2311 seminibus
748 2269 789 2310 ex
803 2245 929 2311 infinito
942 2247 1090 2332 delapsis3
1113 2245 1284 2333 aliquando

148 2359 246 2439 etism
260 2355 462 2424 avolantibus
474 2357 510 2421 in
518 2355 680 2421 infinitum
695 2355 877 2435 seminibus,
889 2356 1031 2423 deminui
1046 2357 1224 2424 etdissolvi:
1248 2369 1284 2424 ut

149 2469 256 2555 plautus
278 2482 312 2535 et
334 2468 484 2534 snimslic
503 2480 687 2546 nascuntur,
710 2467 903 2547 adolescunt,
925 2482 1102 2550 senescimt,
1125 2483 1158 2537 et
1171 2470 1284 2537 ordine

149 2581 344 2649 suodemum
359 2582 533 2657 intereunt3
557 2578 822 2666 usqueudfinem
835 2578 917 2644 libri.
1124 2582 1127 2589 '

344 2912 418 2998 IN
455 2909 721 2997 LIBRUM
758 2911 1072 2996 TERTIUM.

188 3248 462 3329 HACTENUS,
485 3249 608 3315 duobus
621 3270 737 3334 nempe
747 3246 958 3333 superioribus
972 3246 1070 3326 libris,
1086 3258 1232 3313 nanuum
1246 3261 1278 3316 et

140 3363 332 3443 effectiones,
348 3385 428 3450 quas
441 3361 585 3440 dicimus,
600 3373 791 3439 atomorum,
807 3361 867 3425 rite
880 3359 1048 3445 explicasse
1062 3359 1120 3424 sibi
1135 3360 1218 3426 visus
1232 3374 1279 3427 est

148 3479 243 3564 poete.
276 3475 375 3542 Nunc
390 3485 525 3562 quatuor
538 3473 664 3561 reliquis
674 3473 761 3538 libris
775 3495 823 3551 eo,
840 3494 912 3558 quae
926 3493 966 3536 ex
977 3471 1089 3537 atomis
1103 3473 1169 3538 istis
1183 3472 1275 3553 fiunt,

147 3590 289 3655 attentius
303 3587 494 3675 speculatiu:
517 3599 623 3674 etque,
638 3587 685 3652 uti
699 3609 758 3673 par
771 3585 842 3665 fuit,
857 3586 975 3672 primas
989 3583 1102 3650 detulit
1115 3597 1221 3672 partes
1242 3610 1275 3652 c·

145 3702 235 3767 nimae
249 3714 281 3767 et
295 3702 416 3779 animo,
437 3688 478 3765 de
491 3700 603 3787 quibus
625 3700 685 3765 hoc
707 3711 774 3765 toto
795 3699 877 3764 libro
892 3700 960 3785 jam
982 3698 1129 3783 disputat.
1175 3699 1277 3766 Hunc

145 3826 246 3880 sutem
266 3813 446 3900 auspicetur
459 3813 575 3879 librum
589 3813 629 3879 eb
646 3811 775 3898 Epicuri
789 3811 944 3889 leudibus,
967 3834 1061 3899 quem
1075 3834 1095 3876 s
1108 3832 1172 3876 ver.
1192 3819 1219 3874 1.
1235 3812 1276 3877 od

138 3945 205 3990 ver.
226 3932 279 3990 94.
294 3925 448 4012 praedicot
468 3926 607 4012 primum
629 3922 782 4001 doctusse,
805 3945 870 3987 non
886 3921 991 4001 adeo,
1015 3921 1070 3987 sed
1091 3945 1132 3988 ex
1145 3921 1275 3988 fortuito

144 4049 318 4103 ctomormn
332 4059 499 4116 concursu,
515 4035 670 4102 mundum
680 4034 778 4113 hunc,
794 4047 826 4100 et
839 4035 947 4100 omniu
959 4034 1052 4099 fuisse
1062 4032 1157 4113 factm
1181 4047 1275 4122 atque

144 4147 213 4214 inde
226 4148 395 4215 bominum
415 4162 536 4215 mentes
549 4174 569 4214 a
583 4150 727 4226 deorum,
736 4140 863 4227 mortis,
878 4158 911 4213 et
923 4169 1090 4234 poenarum
1103 4159 1175 4233 post
1189 4169 1274 4211 mor-

144 4247 216 4341 tem,
230 4272 318 4327 metu
339 4261 495 4326 liberasse:
518 4260 580 4326 hoc
594 4272 699 4326 eutem
721 4281 802 4324 unus
817 4257 973 4345 Epicurus
990 4257 1119 4323 feliciter
1132 4256 1272 4345 perfecit,

144 4372 226 4459 quod
239 4373 291 4440 ulii
305 4371 485 4458 philosophi
506 4372 621 4438 flustra
642 4371 746 4436 conati
761 4383 842 4436 sunt.
889 4370 996 4436 Peuce
1016 4369 1086 4434 hoec
1100 4369 1140 4434 de
1156 4368 1273 4452 Epicu·

143 4504 180 4549 ro
198 4483 358 4572 predicis,
373 4483 467 4551 docet
481 4507 501 4550 e
518 4506 581 4551 ver.
602 4489 656 4550 94.
674 4483 716 4548 od
734 4505 804 4559 ver„
823 4484 893 4547 137.
920 4484 1061 4548 sniiuum
1083 4490 1115 4544 et
1133 4477 1271 4543 animam

225 4593 309 4660 Vos„
333 4594 360 4660 1.
688 4614 707 4658 c
