2864 5334
561 630 909 705 ARGUMENTA.
1212 654 1300 703 xm

160 825 231 905 imo,
247 823 277 889 ai
292 823 402 889 anima
414 821 596 887 immortalis
612 828 660 909 (ut
672 823 796 890 Platoni
810 825 911 889 visum
926 823 984 906 est)
994 821 1195 904 conoedatnr,
1210 845 1295 890 mor·

161 949 219 1004 tem
231 947 347 1002 tamen
360 934 439 1000 nihil
452 958 529 1015 esse,
544 957 617 1001 cum
631 937 737 1001 anima
750 947 893 1022 separata
906 957 972 1001 non
983 937 1172 1014 meminerit,
1188 960 1221 1001 se
1234 959 1295 1002 un·

160 1037 250 1136 quarn
273 1059 371 1113 antea
392 1047 554 1112 exstitisse.
604 1046 754 1127 Proinde,
777 1046 819 1112 ad
840 1065 903 1112 ver.
927 1055 1000 1113 906.
1023 1048 1104 1112 ridet
1125 1047 1291 1114 hominum

158 1182 267 1224 vanam
289 1159 333 1224 de
354 1158 511 1245 sepulturi
533 1157 772 1223 solicitudinem:
796 1158 911 1222 deinde
931 1158 1136 1238 demonstrat,
1158 1173 1294 1226 mortem

157 1293 217 1338 non
228 1294 297 1337 esse
310 1270 441 1350 malum,
457 1271 531 1358 quia
540 1270 657 1336 mortui
670 1291 736 1335 non
750 1268 894 1358 indigent
907 1269 972 1334 istis
986 1269 1088 1349 bonis,
1104 1271 1216 1358 quibus
1231 1273 1293 1336 vivi

157 1383 304 1472 gaudent,
327 1405 431 1471 neque
451 1382 518 1447 istis
531 1382 691 1449 doloribus
713 1381 901 1461 efficiuntur,
925 1383 979 1469 qui
1001 1383 1129 1447 miseros
1143 1383 1290 1449 mortales

155 1496 305 1572 cruciant,
320 1493 475 1581 usquead
489 1515 553 1558 rer.
569 1500 643 1558 949.
689 1492 797 1558 Vitam
818 1494 912 1558 etiam
927 1494 1027 1579 ipsam
1048 1515 1114 1558 non
1129 1517 1194 1559 esse
1208 1494 1289 1560 desi-

155 1605 334 1684 derabilem,
351 1605 467 1692 quippe
481 1627 553 1692 quae
566 1604 646 1669 nihil
660 1605 734 1668 novi
755 1603 876 1683 afferat,
892 1604 947 1669 sed
960 1604 1085 1668 easdem
1099 1627 1220 1690 semper
1233 1627 1290 1670 vo·

154 1716 281 1804 brptates
302 1716 459 1803 usquead
472 1737 621 1781 nauseam
643 1715 866 1793 subministret,
889 1714 930 1780 ad
944 1737 1008 1779 ver.
1024 1722 1096 1780 990.
1141 1715 1193 1780 Ne
1213 1738 1289 1782 vero

153 1828 215 1894 istce
227 1826 358 1905 fabulae,
375 1848 451 1912 ques
458 1828 561 1912 podtae
575 1837 718 1903 narrant,
734 1825 774 1889 de
782 1823 887 1890 inferis
902 1838 933 1890 et
943 1825 1044 1912 poenis
1057 1838 1129 1911 post
1139 1838 1286 1907 mortem,

152 1949 284 2004 terreant
298 1936 460 2014 mortales,
474 1936 550 2000 inde
564 1935 605 2002 ad
615 1957 679 1999 ver.
699 1942 791 1999 1096.
807 1958 916 2000 omnes
928 1936 994 2001 illas
1008 1936 1175 2001 commodi
1190 1938 1285 2003 inter-

152 2051 324 2136 pretatione
347 2047 455 2111 elevat.
500 2045 609 2124 Unde,
636 2068 734 2132 usque
757 2046 798 2110 ad
821 2046 918 2111 finem
939 2046 1030 2133 hujus
1053 2047 1137 2125 libri,
1164 2062 1284 2130 monet,

152 2160 309 2248 plerosque
323 2157 507 2223 mortalium
528 2158 634 2243 inepte
648 2169 680 2221 et
694 2157 828 2222 absurde
850 2158 891 2222 de
904 2172 1007 2224 morte
1020 2160 1109 2246 queri
1113 2186 1124 2237 ς
1148 2182 1221 2226 cum
1235 2185 1284 2227 sa-

151 2271 329 2359 pientissimi
345 2268 521 2347 hominmn,
537 2279 569 2332 et
576 2267 782 2353 potentissimi
796 2269 913 2334 ducum
928 2271 1203 2355 etimperatorum,
1219 2273 1284 2337 vim

150 2383 221 2448 diroe
234 2381 428 2449 necessitatis
442 2381 604 2444 senserint:
620 2400 658 2442 ac
666 2378 771 2456 docet,
786 2378 858 2443 ideo
872 2381 1018 2445 mortales
1028 2383 1124 2447 vitam
1132 2383 1284 2450 solicitam

150 2495 357 2582 elinquietam
372 2513 476 2580 agere,
491 2489 577 2577 quod
588 2489 671 2553 hanc
681 2489 791 2553 mortis
805 2490 1100 2576 contemplationem
1114 2494 1281 2583 refugiant,

149 2618 178 2671 et
195 2607 301 2692 inepte
324 2603 406 2669 votis
429 2601 573 2666 omnibus
598 2622 668 2664 eam
690 2600 787 2664 vitam
810 2611 970 2687 expetant,
995 2626 1090 2689 quam
1113 2607 1282 2693 aliquando

150 2716 284 2782 amissuri
307 2726 394 2792 sunt,
410 2736 481 2800 quoe
495 2712 613 2778 nullam
627 2733 743 2777 novam
758 2711 950 2803 uoluptatem
971 2713 1093 2795 afferat,
1108 2717 1281 2785 innumeris

149 2849 215 2893 vero
235 2826 401 2893 doloribus
423 2838 454 2891 et
474 2823 619 2911 periculis
642 2824 781 2889 obnoxia
805 2824 970 2903 reddatur;
996 2829 1182 2911 prasertim,
1207 2853 1280 2896 cum

149 2939 272 3005 virendo
287 2937 551 3030 nibil-detrahant
565 2936 606 3002 de
620 2948 762 3023 tempore
778 2937 899 3016 mortis,
915 2959 987 3024 quae
1000 2950 1107 3006 manet
1121 2961 1229 3006 omnes
1243 2941 1277 3004 in

151 3062 306 3117 eternum.

332 3412 405 3497 IN
443 3408 703 3496 LIBRUM
743 3410 1085 3508 QUARTUM.

183 3725 285 3803 QUA
308 3745 406 3810 supra
418 3723 499 3788 libro
512 3725 616 3810 primo
630 3746 703 3789 usus
724 3737 771 3789 est
785 3726 1020 3812 comparatione
1035 3722 1212 3804 Lucretius,
1236 3738 1271 3790 ut

149 3831 285 3901 Memmii
309 3835 359 3900 sui
380 3835 520 3899 animum
542 3835 692 3920 tantisper
713 3858 733 3899 a
750 3837 951 3901 contentione
972 3836 1139 3915 relaxaret3
1162 3836 1273 3902 eidem

146 3941 221 4012 bunc
233 3947 354 4012 librum
369 3958 515 4032 quartum
528 3968 548 4009 a
562 3966 625 4009 ver.
644 3952 671 4008 1.
687 3944 728 4010 ad
743 3968 806 4010 ver.
822 3953 874 4009 96.
889 3947 1078 4032 auspicatur,
1100 3959 1137 4013 ut
1150 3949 1273 4013 audito·

145 4077 203 4123 rem
217 4059 276 4123 sibi
291 4057 427 4122 docilem
448 4057 571 4135 reddat,
591 4067 623 4120 et
636 4068 799 4122 attentum.
845 4056 890 4121 ΙΙ.
906 4056 996 4122 Libri
1016 4056 1108 4143 bujus
1122 4059 1272 4145 proponit

145 4183 370 4258 argumentum,
383 4169 468 4257 quod
479 4192 521 4234 ox
532 4169 683 4234 industrii
695 4192 767 4235 cum
778 4169 987 4256 superioribus
998 4170 1163 4234 connectit
1188 4169 1272 4234 Cum

144 4282 216 4346 enim
230 4283 339 4369 primo
353 4292 385 4345 et
399 4281 536 4346 secundo
558 4281 640 4345 libro
654 4281 778 4345 abunde
792 4280 945 4357 docuerit,
961 4303 1032 4367 quae
1047 4292 1078 4344 et
1092 4278 1195 4365 qualia
1208 4280 1271 4342 sint

143 4412 237 4459 remm
250 4391 439 4480 primordia,
456 4391 568 4477 quibus
582 4389 690 4479 figuris
705 4391 862 4470 distincta,
877 4413 942 4476 quo
955 4403 1047 4455 motu
1060 4390 1211 4465 ferantur,
1232 4409 1270 4451 ac

143 4516 260 4573 meras
275 4528 326 4572 res
340 4515 518 4591 procreent,
540 4503 622 4571 libro
636 4525 711 4568 vero
725 4505 818 4571 tertio
832 4502 946 4569 animae
960 4516 1053 4590 atque
1066 4499 1163 4566 animi
1178 4509 1269 4564 nctu-

697 4615 719 4665 c
736 4602 759 4662 2
