2946 5356
166 525 221 590 viii
525 516 595 583 AD
634 513 930 582 LECTOREM.

165 707 340 776 debilitatus
355 704 463 782 animi,
479 716 571 791 atque
582 703 690 789 ooeptis
705 703 873 769 audacibus
886 725 967 789 pene
981 713 1206 780 consternatus,
1216 701 1295 767 dum

166 820 340 888 navimrlam
354 839 468 893 meam,
494 815 644 880 immensi
671 815 831 901 cujusdam
859 816 1007 880 vastitatis
1030 814 1195 881 solitudine
1216 815 1294 880 fluc-

166 944 319 1011 tuantem,
335 928 558 995 tremebundus
572 928 810 1014 contemplarer:

344 1208 590 1224 ----—
602 1177 683 1233 maria
695 1177 821 1251 undique,
834 1187 863 1233 et
879 1177 997 1250 undique
1008 1176 1121 1233 coelum!

169 1387 319 1465 Etenim,
334 1386 487 1451 mirentur
509 1386 580 1451 licet
601 1385 767 1472 inexperti,
784 1407 855 1449 vere
868 1385 946 1448 mihi
961 1384 1101 1449 dicturus
1122 1383 1241 1459 videor,
1257 1403 1298 1445 ne

167 1523 267 1569 uuum
289 1499 416 1586 quidem
437 1521 478 1563 ex
499 1498 556 1562 illis
571 1497 728 1576 omnibus,
753 1497 807 1584 qui
831 1520 888 1583 per
912 1498 971 1560 sevi
994 1497 1112 1561 flumen
1135 1495 1177 1560 ad
1199 1515 1297 1579 usque

166 1625 275 1680 nostra
288 1624 431 1697 tempora
440 1610 577 1675 devoluti
592 1610 665 1688 sint,
682 1609 883 1695 scriptoribus
906 1609 1054 1674 Lucretio
1075 1609 1179 1672 miuus
1193 1627 1298 1672 emen-

167 1726 277 1792 datum
292 1724 386 1809 vulgo
408 1722 551 1785 manibus
566 1720 717 1786 lectorum
732 1722 806 1799 teri3
830 1734 885 1785 aut
910 1721 944 1784 in
969 1722 1056 1806 cnjus
1079 1731 1179 1796 textu,
1205 1739 1300 1804 quem

166 1838 288 1911 dicunt,
312 1832 531 1896 concinnando
545 1834 645 1919 magis
659 1855 772 1918 susque
784 1832 886 1919 deque
900 1832 1040 1897 habitam
1057 1842 1249 1896 vetustorum
1263 1829 1300 1895 li·

167 1947 299 2011 brorum
314 1943 409 2007 fidem
423 1943 538 2028 passim
553 1944 673 2007 senties.
719 1943 816 2020 Nam,
840 1955 876 2006 ut
897 1944 1113 2019 concesserim,
1138 1943 1213 2006 Cari
1227 1963 1300 2004 uos-

169 2057 211 2127 tri
231 2066 451 2142 argumentum
475 2052 591 2117 uoueri
615 2076 681 2117 esse
704 2052 895 2129 amoeuitate,
912 2073 982 2137 quae
997 2052 1122 2116 turbam
1135 2052 1303 2129 lectorum,

170 2169 210 2234 de
225 2189 331 2231 rerum
345 2162 458 2232 naturai
472 2176 505 2227 et
518 2163 630 2228 abditis
651 2162 858 2249 philosophiae
879 2185 992 2247 parum
1014 2162 1216 2238 solicitorum,
1240 2164 1302 2226 suis

170 2278 320 2343 illecebris
342 2287 453 2361 sponte
475 2274 594 2352 trahat,
617 2274 794 2360 simplicitas
820 2287 924 2339 tamen
954 2275 1104 2339 orationis
1129 2273 1303 2359 purissimae

172 2389 361 2464 inaffectata,
377 2387 496 2474 ingenii
510 2386 608 2451 lactea
622 2385 759 2464 ubertas,
775 2387 808 2449 in
824 2387 1008 2474 omnigenos
1021 2386 1142 2471 lepores
1163 2386 1223 2450 late
1245 2386 1304 2450 dif-

174 2503 286 2577 fluens,
318 2499 541 2563 sincerissimus
564 2499 691 2582 insuper
719 2498 941 2586 elegantiarum
966 2499 1160 2583 poeticarum
1183 2510 1303 2584 gustus,

172 2614 280 2677 nativo
295 2610 432 2697 quodam
455 2633 546 2675 sensu
568 2609 739 2674 rectissimo
761 2608 981 2686 delibatarum3
1005 2621 1036 2674 et
1050 2610 1180 2674 varietas
1194 2631 1304 2674 nume-

174 2746 246 2788 rosa
260 2744 417 2798 versuum,
432 2721 520 2807 lapsu
543 2720 625 2785 facili
650 2720 894 2799 decurrentium,
919 2734 951 2785 et
975 2721 1064 2786 melle
1088 2720 1213 2787 Musaeo
1232 2743 1305 2785 vere

174 2845 403 2899 contacturum:
419 2832 488 2897 haec
503 2832 610 2897 omnia
624 2834 817 2898 severitatem
833 2833 1029 2899 subtiliorum
1047 2831 1306 2919 disceptationum

175 2945 331 3012 deliniunt
344 2966 442 3031 usque
457 2943 548 3024 adeo,
564 2965 601 3008 ac
615 2943 795 3024 devincunt,

423 3088 545 3178 Molliter
556 3131 691 3178 austerum
704 3122 793 3178 studio
806 3122 914 3179 fallente
924 3122 1050 3191 laborem,

177 3291 213 3345 ut
227 3299 321 3343 nemo
336 3280 375 3344 sit
390 3280 522 3368 ingeniis
540 3301 606 3345 non
627 3279 750 3358 fucatis,
772 3293 866 3366 atque
887 3281 1089 3369 elegantibus,
1112 3279 1307 3344 demerendis

165 3390 474 3467 accommodatior3-
491 3412 595 3467 nemo,
628 3391 682 3476 qui
717 3389 910 3477 diligentiam
943 3391 1074 3454 fideliter
1108 3392 1308 3455 tractantium

119 3521 123 3530 ’
177 3501 317 3585 pleniore
331 3512 485 3585 proventu
499 3498 721 3563 remunerabit.
768 3498 938 3577 Nimirum,
955 3501 980 3563 si
1002 3522 1118 3577 rerum,
1134 3500 1174 3565 de
1196 3503 1308 3586 quibus

177 3611 327 3697 disputat,
343 3608 563 3672 obscuritatem
578 3620 610 3672 et
618 3607 813 3692 jejunitatem
834 3609 1000 3675 liberaliter
1014 3613 1173 3690 intuearis,
1190 3613 1308 3679 Lucre-

151 3804 154 3809 ,
178 3722 240 3787 tius
263 3732 373 3786 auctor
394 3732 441 3784 est
454 3718 661 3805 philosophiae
680 3721 821 3806 po'etious
835 3720 928 3809 longe
950 3722 1103 3811 longeque
1126 3724 1308 3790 dilucidissi-

178 3852 264 3910 mus,
288 3854 346 3897 uec
360 3843 444 3909 sunt,
456 3832 515 3896 nisi
530 3832 690 3910 rarissimi,
706 3833 740 3896 in
755 3855 850 3918 opere
872 3845 940 3898 toto
962 3834 1034 3912 loci,
1054 3836 1108 3921 qui
1133 3835 1310 3902 desiderent

181 3945 396 4029 interpretem,
419 3956 473 4009 aut
494 3944 642 4009 lectorem
664 3945 789 4010 modice
810 3946 1020 4031 perspicacem
1041 3950 1158 4012 morari
1181 3963 1307 4034 queant:

180 4055 243 4121 hoc
257 4067 373 4134 autem,
390 4056 431 4120 ob
445 4056 682 4141 depravationes
703 4057 909 4142 potissimum,
932 4061 1034 4144 po‘etae
1059 4081 1127 4124 non
1152 4061 1309 4146 imputan-

182 4167 249 4231 das:
273 4167 317 4243 id,
334 4167 420 4253 quod
434 4180 581 4252 expertus
596 4192 654 4234 usu
678 4191 756 4246 rem,
773 4181 902 4234 tutemet
924 4169 1010 4236 haud
1035 4194 1120 4259 segre
1142 4172 1310 4236 confitebe-

182 4279 234 4342 ris.
280 4277 343 4342 His
356 4279 453 4366 igitur
463 4279 504 4344 de
514 4281 637 4358 caussis,
648 4282 846 4348 vehementer
856 4282 1000 4369 equidem
1015 4285 1121 4348 mirari
1135 4284 1229 4361 soleo,
1246 4296 1311 4346 tam

182 4412 300 4477 paucos
313 4389 507 4457 literatorum
521 4391 685 4459 hominum
699 4394 861 4474 exstitisse,
877 4396 932 4482 qui
950 4395 1138 4461 versaverint
1151 4395 1311 4461 Lucretia·

608 4916 825 5058 Α
