2864 5334
363 929 969 1036 ARGUMENTA.

611 1299 776 1330 a*

325 1555 395 1643 IN
431 1556 691 1645 LIBRUM
728 1555 1013 1644 PRIMUM

107 1895 158 2002 IN
169 1934 242 2022 ipso
256 1934 365 2022 operis
385 1935 540 2023 principio
554 1934 712 2002 Venerem
733 1934 867 2000 invocat
913 1933 959 2000 ΙΙ.
974 1931 1113 2013 Deinde,
1136 1954 1235 2000 aver.

107 2059 152 2117 45.
166 2052 207 2118 ad
221 2075 292 2118 ver.
313 2060 384 2119 159.
397 2052 493 2118 libros
506 2076 578 2119 suos
593 2053 635 2119 de
651 2053 772 2119 Rerum
789 2051 911 2118 Naturd
928 2053 1052 2120 dedicat
1068 2052 1237 2122 Memmio:

107 2163 290 2250 Epicurum,
315 2165 403 2250 cujus
417 2166 554 2230 rationes
576 2164 728 2251 sequitur,
743 2164 913 2243 collaudet}
937 2165 978 2230 ab
991 2164 1071 2230 illius
1092 2163 1236 2231 doctrind

106 2275 267 2362 impietatis
290 2275 445 2340 invidiam
466 2275 628 2354 amolitur3
655 2287 687 2341 et
706 2274 799 2362 hujus
820 2288 853 2340 et
867 2278 1065 2363 sequentium
1085 2276 1239 2342 librorum

107 2400 289 2477 argumenta
303 2387 440 2453 breviter
453 2389 613 2475 proponit.
663 2387 727 2453 III.
744 2387 831 2452 Tum
845 2409 913 2453 rem
929 2389 1029 2473 ipsam
1044 2388 1243 2476 aggreditur,

108 2498 255 2588 docetque
278 2522 301 2564 a
314 2520 379 2563 ver.
399 2506 470 2562 160.
491 2499 534 2563 ad
547 2521 611 2564 ver.
627 2504 702 2563 365.
724 2521 765 2564 ex
779 2498 879 2563 nihilo
900 2499 981 2564 nihil
1001 2499 1081 2578 lieri,
1098 2500 1177 2564 etin
1191 2499 1241 2562 ui-

109 2610 200 2677 hilum
210 2609 296 2676 nihil
305 2610 431 2688 reverti,
446 2631 547 2696 posse.
592 2609 651 2674 IV.
665 2609 699 2675 A
712 2633 775 2675 rer.
798 2616 873 2675 365.
889 2610 931 2674 sd
951 2633 1015 2676 ver.
1032 2618 1105 2676 339.
1120 2612 1242 2676 minuta

112 2745 171 2789 me
185 2722 337 2810 quoedrun
353 2743 501 2808 corpora,
516 2742 601 2809 quoe,
615 2720 688 2786 licet
702 2721 760 2787 sub
774 2744 899 2788 semum
913 2745 979 2788 non
994 2723 1120 2803 cadunt,
1137 2736 1243 2790 mente

112 2847 210 2901 tamen
224 2846 362 2920 possunt
375 2833 512 2921 concipi,
529 2844 561 2898 et
574 2833 713 2921 equibus
726 2855 777 2900 res
790 2857 900 2900 omnes
914 2846 1157 2922 componuntur.
1202 2834 1244 2899 V.

114 2946 171 3013 His
184 2943 380 3033 corpusculis
400 2967 421 3010 a
433 2967 496 3009 ver.
521 2952 594 3008 330.
617 2945 658 3010 ad
672 2967 736 3010 ver.
758 2951 832 3009 430.
847 2946 1006 3036 subjungit
1028 2969 1174 3025 vacuum,
1190 2969 1245 3013 seu

113 3059 199 3125 inam
219 3058 373 3144 spatium:
396 3067 429 3121 et
443 3055 501 3120 VI.
516 3079 536 3122 a
550 3078 615 3122 ver.
630 3063 702 3120 430.
728 3057 770 3122 ad
784 3079 846 3121 ver.
870 3064 943 3121 483.
959 3058 1073 3144 probat
1087 3057 1165 3122 nihil
1179 3079 1245 3122 esse

116 3182 223 3256 praeter
245 3191 365 3255 corpus
386 3178 418 3232 et
438 3168 547 3247 inane3
570 3167 690 3254 reliqua
710 3179 827 3245 autem,
850 3189 922 3253 quae
943 3166 1089 3233 videntur
1111 3191 1187 3247 esse,
1210 3180 1248 3233 ut

117 3281 246 3367 pondus,
262 3280 362 3358 calor,
378 3292 556 3366 paupertas,
578 3279 705 3358 bellum,
729 3280 786 3345 &c
802 3301 867 3344 esse
881 3290 1004 3344 tantum
1018 3281 1186 3367 conjuncta
1199 3279 1248 3345 vel

118 3405 232 3472 eventa,
248 3391 457 3479 proprietates
472 3414 526 3458 seu
540 3391 726 3471 accidentia,
742 3392 885 3478 corporis
900 3404 932 3456 et
945 3392 1056 3458 inanis.
1084 3392 1160 3458 VII.
1176 3392 1248 3458 Do·

119 3516 161 3570 cet
180 3528 200 3570 a
213 3526 279 3570 ver.
291 3510 367 3568 483.
377 3503 418 3568 ad
431 3526 495 3569 ver.
511 3510 585 3569 538.
600 3505 704 3591 prima
717 3503 974 3591 corpusculaesse
984 3503 1120 3590 perfecte
1133 3503 1247 3583 solidn3

118 3613 243 3703 ideoque
256 3637 351 3680 aver.
368 3620 441 3678 538.
456 3614 498 3679 ad
508 3638 571 3680 ver.
595 3623 669 3681 635.
684 3616 862 3682 insecabilia
875 3639 952 3697 esse,
967 3618 1110 3697 minima,
1134 3621 1250 3705 (neque

119 3726 196 3792 euim
209 3749 327 3814 corpus
338 3727 373 3791 in
382 3726 541 3793 infinitum
550 3727 647 3794 dividi
655 3732 771 3815 potest)
780 3743 812 3796 et
819 3743 947 3798 aeterna.
963 3730 1060 3797 VIII.
1075 3730 1214 3809 Deinde,
1230 3753 1251 3796 a

119 3859 176 3903 rer.
186 3846 262 3903 635.
274 3838 390 3904 adver.
406 3841 480 3904 713.
491 3839 605 3906 refirtat
617 3840 828 3921 Heraclitum,
838 3843 1020 3932 quiignem,
1029 3843 1178 3931 aliosque,
1193 3844 1249 3928 qui

119 3950 228 4031 adrem,
244 3973 375 4039 equum,
393 3962 447 4017 aut
460 3963 590 4032 terrm,
606 3974 712 4019 rerum
733 3955 875 4019 omnium
896 3954 1087 4041 principium
1101 3978 1166 4021 esse
1188 3965 1251 4020 sta·

118 4071 250 4128 tuerunt.
290 4062 354 4127 IX.
371 4061 457 4128 Tum
471 4087 492 4129 a
505 4086 569 4129 ver.
586 4066 660 4128 713.
674 4065 794 4130 adver.
811 4071 885 4131 839.
900 4079 1012 4132 contra
1025 4065 1251 4155 Empedoclem

119 4171 321 4253 demonstrat,
337 4195 387 4238 res
400 4196 467 4239 non
481 4175 630 4262 componi
645 4196 663 4240 e
677 4189 811 4262 quatuor
826 4177 994 4244 elementis.
1031 4178 1249 4256 XcDemum,

119 4303 209 4350 ever.
226 4291 304 4351 839.
320 4283 440 4351 adver.
455 4294 530 4353 919.
553 4286 779 4377 Anaxagoram
793 4286 912 4354 refellit
958 4289 1021 4355 XI.
1039 4288 1214 4364 Postremo,
1230 4310 1251 4350 a

118 4412 178 4462 rer.
192 4404 268 4467 919.
292 4396 335 4463 sd
350 4419 414 4465 ver.
434 4405 525 4464 1050.
540 4398 645 4480 docet,
661 4402 841 4469 uuiversum
862 4423 928 4469 esse
942 4400 1083 4468 exomni
1100 4410 1189 4486 purte
1202 4396 1252 4460 iu·
