2864 5334
201 514 300 581 xxviii
454 510 784 580 TESTIMONIA
806 512 1063 582 VETERUM

495 797 799 875 CORNELIUS
824 797 1007 889 NEPOS,

554 1012 606 1087 In
620 1010 696 1086 vitu
711 1010 834 1100 Attici,
850 1011 914 1085 cii.
931 1023 968 1084 4.

241 1223 332 1290 Idem
353 1222 394 1289 L.
416 1221 534 1288 Julium
556 1221 716 1300 Calidum,
739 1244 845 1308 quem,
868 1233 940 1308 post
962 1221 1130 1288 Lucuaun
1154 1222 1330 1311 Catullique

195 1346 341 1414 mortam,
356 1333 455 1400 multo
466 1353 765 1398 ffleffllssluun
777 1353 912 1398 sonuum
924 1344 1062 1398 nostram
1075 1334 1179 1399 uilisse
1192 1347 1329 1416 aetatem,

196 1470 268 1515 vere
292 1447 400 1513 videor
428 1469 519 1533 posse
545 1444 825 1523 contendem,-in
848 1444 1096 1531 proscriptomm
1123 1469 1290 1514 numerum
1311 1471 1332 1513 a

199 1559 236 1628 Ρ.
252 1558 610 1638 Volumnio-relatum,
626 1557 794 1644 expedivit.

443 1757 501 1831 M.
532 1756 829 1832 VITRUVIUS
864 1754 1075 1848 POLLIO,

533 1966 860 2054 marchuuart,
877 1967 926 2039 ic.
946 1981 980 2039 3.

239 2178 321 2245 Item
341 2178 456 2264 plures,
485 2178 552 2264 (qui
577 2176 738 2241 literarum
753 2175 1003 2262 jucunditatibus
1023 2176 1191 2242 instructas
1211 2175 1333 2246 habent

195 2292 328 2374 mentes)
349 2302 421 2376 post
434 2301 575 2355 nostram
596 2289 782 2355 memoriam
795 2300 968 2367 nascentes,
992 2310 1065 2352 cum
1086 2287 1333 2357 LUCRETIO

196 2402 397 2483 videbuntur,
412 2400 496 2466 velut
510 2421 628 2478 coram,
645 2398 711 2465 DE
728 2397 901 2465 RERUM
916 2396 1116 2464 NATURA
1129 2399 1298 2485 disputare.

512 2599 553 2675 P.
590 2597 813 2675 0v1u1us
847 2596 1003 2692 NASO,
1074 2613 1077 2623 ·
1124 2591 1127 2597 ·

565 2812 750 2902 Amorum,
768 2812 793 2884 i.
817 2823 873 2884 15.
892 2823 951 2885 28.

275 3024 427 3092 Csrmina
443 3021 669 3090 SUBLIMIS
683 3035 758 3088 tuuc
773 3034 846 3087 sunt
859 3023 999 3109 peritura
1013 3021 1256 3104 LUCRETII,

314 3137 424 3204 Exitio
437 3148 536 3203 temus
550 3158 622 3203 cum
637 3135 725 3217 dabit
739 3157 804 3201 una
816 3134 892 3201 dics.

582 3339 621 3411 Τ
616 3337 768 3427 vistim,
785 3337 822 3409 ii.
841 3349 926 3410 425.

340 3544 486 3630 Explicat
499 3554 536 3608 ut
549 3564 671 3608 caussas
685 3545 787 3630 rapidi
803 3543 1074 3611 LUCRETIUS
1088 3546 1181 3635 iguis,

388 3653 606 3743 casurumque
620 3656 733 3742 triplex
747 3659 932 3723 vaticinatur
947 3680 1078 3744 opus-.

314 3851 514 3931 SEXTUS
548 3855 817 3933 AURELIUS
860 3856 1208 3952 PROPERTIUS,v

536 4068 761 4163 Elegiarum,
780 4070 817 4143 ii.
836 4081 895 4143 25.
915 4079 975 4144 29.

315 4276 384 4342 Aut
398 4276 474 4362 quid
491 4277 719 4344 LUCRETII
733 4280 789 4345 tibi
803 4294 936 4366 prosunt
950 4283 1090 4349 carmina
1102 4281 1197 4350 lecta?

361 4386 510 4475 Niljuvat
523 4389 557 4454 in
571 4410 687 4479 magno
701 4403 801 4457 vester
815 4415 921 4460 amore
935 4417 1038 4460 senex.

459 4918 690 5104 Α
801 5058 806 5067 .
