2864 5334
169 415 260 483 xxxii
562 409 912 478 ARGUMENTA.

167 603 304 679 finitum,
320 597 503 686 corpuscula
516 621 581 664 esse
602 621 734 664 numero
748 598 884 677 infinita,
899 609 932 663 et
944 597 1039 664 inane
1051 597 1143 665 nullis
1157 599 1300 666 terminis

167 712 392 799 comprehendi
405 735 507 798 posse:
532 710 614 776 XII.
623 723 655 777 et
669 735 689 775 a
701 733 765 775 ver.
778 718 871 775 1050.
880 711 922 776 ad
930 733 993 776 ver.
1007 718 1041 773 ll
1050 718 1099 775 10.
1108 711 1179 776 libri
1188 711 1299 790 finem,

166 825 289 891 deridet
302 824 381 904 illos,
405 825 460 910 qui
482 823 674 902 existimant,
689 845 755 888 esse
775 822 903 910 aliquod
925 833 1069 889 centrum
1090 825 1125 888 in
1139 825 1299 904 universo,

166 960 231 1024 quo
244 938 353 1027 gravia
373 935 480 1001 omnia
499 933 646 1000 deorsum
667 933 811 1015 tendant,
833 934 911 1000 dum
931 934 1010 1001 levia
1031 949 1142 1023 sponte
1163 936 1218 1002 susi
1233 957 1301 1002 sur·

168 1071 238 1115 sum
252 1048 400 1114 ferantur.

341 1381 413 1465 IN
449 1379 711 1464 LIBRUM
750 1381 1127 1465 SECUNDUM.

207 1721 234 1786 I.
258 1720 326 1786 AD
340 1718 478 1783 studium
490 1717 709 1804 philosophiae,
725 1740 798 1806 quae
811 1718 877 1784 sola
890 1719 988 1785 lenire
1002 1742 1092 1785 curas
1107 1731 1139 1784 et
1152 1719 1295 1787 animum

165 1844 251 1897 metu
264 1832 396 1896 liberere
409 1841 523 1915 potest,
548 1829 739 1895 Memmium
761 1854 853 1896 suum
867 1855 887 1897 a
900 1855 965 1897 ver.
984 1839 1011 1896 1.
1026 1831 1068 1895 ad
1082 1854 1148 1897 ver·
1164 1839 1217 1896 61.
1233 1831 1300 1898 Lu·

164 1945 279 2010 cretius
299 1941 455 2007 hortatur:
471 1941 546 2007 inde
563 1942 607 2006 ll.
622 1942 663 2006 de
672 1943 839 2021 seminum,
855 1967 910 2009 seu
923 1955 1115 2024 atomorum,
1127 1943 1300 2010 affectioni·

163 2055 223 2121 bus
237 2055 385 2141 disputat,
401 2076 535 2140 quarum
548 2055 653 2139 prima
665 2068 712 2120 est
721 2068 845 2133 motus;
869 2055 988 2121 moveri
1003 2055 1123 2119 semina
1136 2077 1178 2119 ex
1193 2078 1300 2121 rerum

162 2169 365 2258 generatione
385 2167 629 2234 demonstratum
652 2179 757 2233 motus
778 2190 853 2233 vero
874 2167 927 2233 hic
948 2179 996 2232 est
1010 2166 1169 2264 deorsum:
1192 2171 1303 2234 omnia

23 2337 28 2346 .
47 2312 50 2319 ·
163 2282 249 2347 enim
264 2281 383 2346 semina
397 2293 470 2345 sunt
483 2281 607 2370 gravia3
629 2303 704 2347 cum
718 2293 823 2346 autem
837 2293 1029 2346 concurrant
1050 2279 1169 2345 semina
1189 2281 1300 2361 solida,

162 2415 288 2459 necesse
308 2403 356 2457 est
376 2414 504 2480 quoquo
525 2413 649 2458 versum
670 2416 691 2458 a
704 2415 737 2457 se
750 2393 885 2458 invicem
906 2393 1072 2473 dissiliant;
1095 2396 1141 2460 ita
1154 2393 1302 2480 quaedam

163 2505 284 2571 semina
296 2503 363 2569 aliis
377 2504 589 2591 implicantur,
611 2527 684 2591 quae
697 2506 813 2570 arctius
827 2506 1073 2593 conjunguntur,
1096 2528 1147 2570 res
1160 2505 1256 2570 duras
1270 2516 1303 2570 et

164 2617 275 2683 densas
290 2617 498 2695 constituunt3
522 2638 594 2703 quoe
607 2616 720 2696 laxius,
736 2637 786 2680 res
800 2615 907 2681 molles
921 2628 954 2681 et
964 2619 1061 2682 raras:
1084 2618 1231 2704 quaedam
1245 2642 1302 2701 au-

163 2740 228 2794 tem
250 2729 370 2794 semina
390 2751 554 2817 nunquam
575 2728 767 2808 coalescunt;
791 2729 857 2808 sed,
878 2729 926 2793 uti
947 2741 1090 2794 ramenta
1110 2729 1246 2817 pulveris
1266 2731 1302 2796 in

162 2839 259 2906 radiis
280 2840 352 2904 solis
377 2841 532 2919 videmus,
556 2853 709 2927 perpetuo
730 2851 820 2905 motu
841 2863 899 2926 per
912 2841 1007 2905 inane
1027 2839 1181 2920 feruntur,
1197 2855 1229 2907 et
1243 2840 1303 2907 alia

163 2974 299 3040 corpora
320 2952 454 3018 subinde
475 2953 655 3038 percutiunt
676 2965 708 3018 et
722 2953 854 3041 agitant,
876 2951 996 3016 adver.
1016 2959 1086 3016 140.
1133 2953 1196 3018 111.
1214 2954 1303 3020 Cele-

163 3065 288 3131 ritatem
298 3063 403 3130 motus
414 3065 569 3130 seminum
583 3063 731 3129 deorsum
745 3063 942 3128 tendentium
956 3063 1091 3149 explicat
1101 3065 1142 3130 ad
1151 3088 1215 3130 ver.
1231 3072 1302 3131 166.

144 3174 225 3244 '1v.
252 3177 333 3243 inde
365 3199 425 3263 pro
450 3198 540 3242 more
563 3198 620 3240 suo
643 3175 790 3262 quaedam
814 3187 986 3240 scommata
1008 3188 1121 3241 eontra
1143 3177 1224 3256 illos,
1247 3179 1303 3265 qui

163 3288 395 3375 providentiam
416 3299 601 3377 agnoscunt,
624 3288 750 3365 intexit,
774 3284 815 3352 ad
837 3309 901 3351 ver.
928 3294 997 3353 182.
1042 3285 1083 3352 V.
1100 3288 1187 3355 Tum
1208 3312 1303 3379 argu·

163 3412 306 3466 mentum
328 3401 453 3485 repetit,
469 3400 649 3486 asseritque,
673 3400 781 3463 omnia
793 3420 928 3485 corpora
941 3399 1089 3465 deorsum
1103 3401 1243 3481 tendere,
1259 3402 1302 3466 ad

165 3534 230 3577 ver.
245 3517 320 3575 215.
365 3510 424 3575 VI.
440 3508 580 3589 Deinde,
602 3510 721 3575 semina
735 3510 883 3575 deorsum
903 3510 1065 3577 tendentia
1078 3536 1099 3578 a
1112 3513 1196 3579 recti
1219 3512 1302 3579 linesi

165 3626 336 3714 paullulum
351 3627 520 3706 declinare3
544 3628 603 3691 nisi
618 3628 703 3693 enim
712 3627 904 3695 declinarent
919 3630 1048 3708 semina,
1059 3628 1137 3693 nihil
1148 3651 1302 3715 unquam,

166 3737 275 3804 saltem
288 3739 409 3805 nullum
430 3739 562 3806 liberum
584 3763 692 3831 agens,
708 3742 855 3822 oriretur,
878 3742 919 3807 ad
934 3764 996 3807 ver.
1012 3749 1087 3808 293.
1132 3740 1210 3806 Vll.
1233 3742 1303 3808 De·

166 3871 255 3915 mum
269 3850 373 3932 docet,
396 3853 507 3918 eodem
521 3867 611 3920 motu
626 3855 745 3921 semina
753 3856 821 3942 jam
835 3855 922 3934 ferri,
946 3877 1011 3941 quo
1025 3854 1065 3920 ab
1080 3865 1200 3919 aeterno
1222 3853 1302 3917 fere·

166 3962 296 4043 bantur3
320 3987 379 4030 nec
393 3987 572 4053 quenquam
586 3965 661 4033 huic
675 3968 818 4054 opinioni
841 3967 982 4033 diffidere
996 3965 1121 4047 debere,
1145 3967 1220 4054 quia
1233 3987 1303 4037 mo·

165 4086 216 4140 tus
230 4097 296 4141 non
310 4076 406 4156 videt,
422 4101 495 4144 cum
509 4080 577 4166 ipsa
585 4081 704 4146 semina
716 4080 837 4168 percipi
850 4103 916 4145 non
931 4092 1073 4167 possunt,
1089 4079 1131 4144 ad
1145 4100 1209 4144 ver.
1226 4082 1300 4141 882.

168 4186 315 4253 Secunda
328 4190 481 4256 seminum
496 4189 618 4258 affectio
633 4204 679 4258 est
701 4191 818 4281 figurm
843 4193 935 4257 docet
960 4203 1065 4257 autem
1090 4189 1184 4256 Vlll.
1208 4189 1301 4255 semi·

166 4319 209 4367 na
229 4321 296 4368 non
321 4324 387 4370 esse
411 4304 548 4391 ejusdem
567 4305 690 4397 figurae,
713 4305 860 4394 quaedam
881 4327 957 4373 vero
979 4304 1128 4385 rotunda,
1152 4302 1298 4390 quaedam
