2864 5334
507 492 577 560 AD
608 490 906 559 LECTOREM·
1228 501 1285 566 xiii

142 680 274 758 mnae,
291 678 353 765 qni
368 687 551 744 contextum
565 678 724 764 scriptoris
745 678 917 764 cujuslibet,
932 679 1115 746 auctoritate
1129 685 1285 751 membra·

144 815 255 858 narum
269 791 388 858 leviter
403 789 593 868 conculcata,
608 790 745 877 propriis
755 790 939 876 conjecturis
948 790 1157 873 inferciendis,
1170 818 1227 881 per
1241 799 1285 863 ef·

145 904 290 970 fusorem
304 903 482 981 licentiam,
497 915 591 989 atque
605 903 812 967 inconsultam
825 904 925 992 magis
939 905 1157 987 temeritatem,
1172 911 1286 994 passim

148 1015 347 1103 praefractius
361 1017 504 1081 vitiatum
518 1029 550 1080 et
563 1014 765 1100 deturpatum
780 1014 910 1081 dederit.
930 1064 933 1069 -

191 1242 335 1307 Creeclrii
360 1243 396 1305 in
427 1243 609 1307 Lucretium
637 1242 750 1328 merita
774 1242 869 1331 longe
891 1241 1020 1309 inferius
1045 1245 1161 1330 jacere,
1192 1267 1286 1332 quarn

153 1353 232 1440 quod
260 1354 383 1442 vulgus
409 1352 504 1418 soleat
528 1353 719 1432 existimare,
744 1366 859 1418 memet
883 1353 985 1420 habeo
1010 1358 1285 1440 persuasissimum.

155 1465 233 1530 Eum
247 1465 382 1543 alicubi,
399 1477 436 1530 ut
451 1464 604 1530 Gassendi
618 1463 817 1552 plagiarium,
834 1463 1065 1531 Valckenaiirus
1089 1469 1288 1536 insimulavit:

155 1597 189 1641 cs
200 1599 273 1641 vero
288 1592 458 1663 utcunque
472 1599 566 1641 seres
580 1575 706 1653 habeat,
723 1588 806 1640 certe
820 1577 958 1662 iniquior
972 1590 1062 1655 esset,
1078 1581 1130 1665 qui
1153 1580 1289 1661 laudem,

156 1688 274 1754 utilibus
288 1689 361 1775 ejus
375 1687 419 1752 ad
433 1686 648 1752 illustrandum
666 1685 849 1751 Lucretium
865 1687 1057 1752 collectaneis
1071 1690 1288 1777 philosophicis

157 1801 349 1886 acquisitam,
367 1812 496 1884 cuperet
509 1797 661 1874 deterere,
677 1798 704 1860 si
725 1797 834 1875 modo,
851 1820 923 1884 quae
944 1800 1024 1863 citra
1045 1805 1288 1870 controversiam

160 1912 318 1998 sumpserit
334 1909 477 1988 aliunde,
491 1909 686 1995 promptiore
696 1909 803 1973 animo
817 1908 858 1972 ad
873 1920 1014 1976 auctores
1036 1913 1155 1997 primos
1177 1915 1288 1983 referre

112 2002 115 2007 Ι
161 2024 203 2087 rir
215 2023 402 2112 ingeniosus
416 2022 512 2087 illese
526 2033 672 2106 paratum
686 2020 878 2086 ostendisset.

200 2249 238 2314 In
251 2249 399 2316 maximi
413 2262 502 2337 parte
515 2250 699 2314 meritorum
713 2249 923 2332 Hauercampi
936 2270 1033 2334 pono,
1049 2252 1135 2338 quod
1149 2253 1288 2322 codicum

164 2359 424 2450 Lugdunensium
438 2362 668 2451 diligentiorem
681 2361 773 2426 nobis
794 2362 991 2426 collationem
1014 2353 1288 2448 repraesentaverit,

164 2483 193 2538 et
205 2475 292 2539 amici
320 2474 371 2538 sui
396 2476 540 2560 Prcigerr⁸
560 2473 724 2539 nonnullas
749 2474 1043 2553 animadversiones,
1070 2476 1207 2542 eruditas
1230 2477 1288 2542 illa

164 2599 337 2673 acutosque,
354 2589 545 2672 protraxerit
559 2588 593 2651 in
607 2587 719 2651 lucem:
742 2609 816 2651 nam
832 2588 1027 2653 doctissimus
1042 2587 1143 2654 editor
1157 2589 1197 2654 de
1211 2611 1288 2675 penu

165 2699 288 2787 proprio
301 2697 504 2785 paucissima,
520 2720 578 2763 nec
593 2720 631 2762 ea
643 2696 771 2784 quidem
785 2699 892 2787 magni
906 2698 1010 2784 pretii,
1026 2698 1229 2787 deprompsit

207 2924 327 2990 Verum
341 2922 429 2988 euim
443 2944 528 3001 vero,
551 2922 686 3008 nequis,
711 2944 813 2987 mores
838 2944 924 2988 meos
949 2923 1035 2988 haud
1060 2937 1207 3009 expertus
1226 2947 1288 3001 usu,

167 3057 304 3101 censurae
327 3035 488 3099 severioris
509 3034 637 3099 fortasse
658 3035 803 3119 postulet,
826 3035 901 3099 libet
914 3038 1041 3099 Emesti
1060 3035 1226 3119 judicium,
1248 3057 1288 3098 su·

168 3169 221 3233 per
235 3147 297 3214 hac
318 3168 355 3210 re
368 3147 402 3210 in
423 3145 609 3211 bibliothecis
636 3146 750 3210 Latini
776 3146 910 3211 Fabricii
936 3145 1065 3222 factmn,
1080 3147 1148 3209 vice
1161 3166 1288 3232 propug-

169 3259 284 3337 naculi,
300 3258 498 3346 subjungere:
523 3259 706 3324 “Omnino
729 3257 790 3322 hoc
805 3279 884 3343 opus
903 3279 992 3321 suum
1015 3255 1214 3341 peritioribus
1234 3276 1288 3321 nor

172 3381 194 3415 ‘⁶
208 3369 459 3457 valdeprobavit
473 3369 724 3455 Havercampus.
771 3368 859 3433 Inter
873 3391 982 3432 omnes
996 3367 1130 3432 editores
1145 3367 1288 3452 principa

172 3491 257 3548 “tus
271 3482 406 3547 debetur
418 3481 575 3547 Lambino
584 3495 616 3547 ct
631 3481 798 3560 Creechi03
821 3481 896 3546 huic
909 3481 950 3546 sd
961 3479 1196 3568 intelligendum
1210 3499 1288 3542 mar¹

173 3603 196 3638 “
210 3596 283 3672 ime,
299 3593 343 3658 illi
357 3593 453 3658 etiam
467 3593 508 3657 ad
526 3594 665 3658 criticam
687 3593 848 3658 rationem.
896 3592 971 3670 Sed,
995 3593 1049 3679 qui
1069 3590 1126 3655 has
1148 3612 1197 3654 res
1219 3602 1288 3655 recti

174 3715 196 3749 ‘⁶
211 3718 346 3772 tractore
359 3706 469 3791 possit,
485 3707 523 3784 is,
549 3708 573 3770 si
589 3707 744 3791 suscipere
761 3729 876 3771 novam
894 3705 1063 3770 editionem
1093 3706 1165 3771 velit
1190 3700 1288 3786 sagda

175 3825 198 3861 “
213 3817 261 3896 esi,
285 3840 358 3904 quae
384 3816 481 3882 hodie
493 3818 601 3904 peritis
615 3817 777 3904 probatur,
801 3828 832 3881 et
846 3817 933 3901 cujus
956 3817 1099 3903 exempla
1124 3820 1288 3883 recentiori

177 3937 199 3972 ‘⁸
214 3930 365 4015 temporis
380 3927 543 4007 hebemus,
562 3949 710 4016 magnam
731 3926 855 3992 laudem
876 3948 987 4013 parare
1009 3928 1067 3991 sibi
1088 3931 1194 4014 possit
1241 3931 1288 3995 Se

177 4049 200 4084 “
214 4041 293 4107 absit
303 4041 420 4107 usitata
433 4043 547 4105 nostris
557 4037 749 4123 temporibus
762 4037 929 4117 festinatio,
945 4052 976 4103 et
989 4039 1067 4104 lucri
1082 4041 1225 4127 cupido.”

219 4265 286 4330 Has
299 4275 377 4330 sunt
395 4284 504 4328 omnes
521 4263 672 4329 editiones
696 4264 847 4342 Lucretii,
871 4276 1023 4351 qrmntum
1047 4266 1192 4352 equidem
1217 4262 1288 4327 intel

180 4374 317 4457 lexerim,
343 4398 408 4463 ope
430 4375 574 4443 codicum
598 4375 698 4444 MSS.
731 4389 922 4465 procuratoe3
947 4378 1094 4444 simodo
1119 4373 1288 4464 singulares
