2864 5334
525 628 596 697 AD
629 630 930 700 LECTOREM.
1234 631 1301 709 xxi

54 944 56 949 ·
148 937 273 1014 quantus
299 937 366 1004 est,
387 924 536 1004 effecerim
563 928 699 997 venustis
718 927 898 993 hominibus
912 940 965 994 me
980 952 1048 995 rem
1070 932 1159 998 valde
1175 937 1290 1022 jucun·

147 1038 211 1103 dam
224 1037 394 1103 factunrm
409 1060 475 1103 esse
489 1037 619 1117 credidi,
642 1039 668 1103 si
684 1038 840 1105 Minciani
855 1040 933 1105 vatis
946 1040 1136 1109 imitationes
1150 1047 1290 1136 undique

147 1150 379 1237 conquirerem,
395 1161 427 1214 et
441 1171 514 1215 cum
528 1148 757 1234 exemplaribus
776 1151 839 1215 suis
852 1152 995 1237 apposite
1009 1156 1197 1222 'commissos
1219 1182 1289 1246 spe-

145 1262 254 1328 cialiter
269 1260 471 1327 exhiberem.
504 1259 603 1326 Hanc
616 1283 682 1326 esse
693 1262 756 1326 mei
769 1261 884 1326 laboris
895 1276 1019 1348 partem
1032 1265 1119 1332 nullo
1127 1270 1225 1336 modo
1238 1271 1288 1337 in·

146 1373 434 1454 ramosissimum,
450 1373 492 1440 ab
506 1375 713 1440 macedone
726 1374 798 1439 licet
810 1374 994 1463 longissime
1007 1391 1173 1459 remotam,
1188 1382 1288 1470 ἅψῃ.

147 1498 205 1552 tare
218 1488 321 1566 sole03
339 1500 375 1552 et
388 1486 631 1552 amoenissimam
650 1487 789 1552 fistucam
803 1485 878 1551 hinc
891 1488 1066 1554 institutam
1081 1496 1288 1579 comparatio·

147 1621 212 1664 nem
223 1595 415 1664 homimbus
429 1598 626 1688 elegantioris
639 1599 758 1687 ingenii
772 1596 904 1662 libenter
915 1621 1064 1686 auguror.
1109 1601 1150 1667 Iu
1164 1603 1226 1668 hoc
1240 1606 1288 1672 of·

146 1709 211 1776 licio
223 1711 326 1776 multa
340 1724 430 1791 sunt,
445 1734 517 1798 quae
535 1711 731 1800 diligentiam
751 1710 899 1775 eluserint
920 1711 1100 1791 doctorum,
1123 1716 1178 1801 qui
1200 1740 1233 1782 se
1246 1717 1288 1783 ad

147 1822 221 1889 banc
233 1845 304 1889 rem
327 1845 373 1888 ex
388 1822 527 1911 professo
548 1825 764 1901 contulissent;
788 1835 820 1889 et
839 1846 937 1914 aegre,
961 1824 1021 1888 nisi
1043 1846 1085 1890 ex
1107 1830 1287 1914 compertis,

147 1935 223 2001 cradi
237 1947 380 2022 poterat,
396 1935 506 2021 poesin
529 1935 735 2024 Virgilinnam
757 1957 853 2023 quam
872 1937 998 2021 penitus
1017 1935 1176 2017 imbuerit,
1192 1962 1288 2026 quam

148 2047 316 2113 medullitus
331 2048 503 2126 incoxerit,
522 2049 626 2113 oratio
642 2048 840 2113 Lucretiana.
887 2048 989 2114 Hunc
1003 2060 1109 2114 autem
1132 2073 1173 2114 ex
1187 2051 1288 2117 abun·

149 2159 226 2226 danti
235 2158 382 2230 fructum
391 2159 453 2224 hac
463 2159 628 2225 collatione
640 2159 820 2244 provenisse
834 2159 912 2223 mihi
924 2160 1124 2226 vehementer
1133 2162 1286 2251 gratulor,

148 2272 222 2357 quod
235 2271 314 2336 hinc
329 2270 551 2357 complusculis
565 2270 719 2335 ulceribus
734 2269 870 2358 Virgilii,
894 2272 1034 2337 sanitatis
1047 2274 1185 2360 speciem
1198 2296 1288 2341 men·

147 2378 297 2463 dentibus,
312 2381 456 2470 ideoque
468 2381 585 2446 difficili
598 2393 630 2447 et
644 2380 816 2468 periculosa
838 2385 1035 2462 tractatione,
1051 2385 1207 2451 medelam
1222 2387 1285 2452 effi·

148 2497 333 2561 carissimam
344 2493 515 2560 admovere
522 2494 686 2582 quiverim:
710 2494 794 2560 unde
808 2495 893 2580 apud
904 2496 1053 2582 quicquid
1067 2498 1287 2568 esthominum

149 2611 358 2675 venustiorum
373 2630 427 2674 me
439 2608 555 2697 gratim
568 2608 711 2698 ingentes
725 2607 878 2673 initurum
893 2631 997 2694 spero,
1013 2608 1212 2699 confidoque.

183 2833 254 2900 Jam
267 2856 361 2913 vero,
378 2854 446 2898 non
460 2833 537 2898 alitis
551 2846 598 2899 est
610 2836 716 2919 po‘e'ta,
732 2834 766 2897 in
781 2856 875 2920 quem
889 2832 1015 2899 licentia
1028 2835 1221 2913 criticorum,
1236 2835 1286 2900 in·

148 2948 310 3034 geniissuis
322 2959 445 3011 temere
455 2945 695 3034 indulgentium,
712 2947 823 3012 saevius
837 2960 977 3036 grassata
992 2958 1049 3025 est,
1065 2947 1202 3032 atquein
1217 2944 1284 3010 Lu·

148 3058 288 3136 cretium;
304 3070 363 3123 aut
378 3079 473 3144 quem
487 3061 716 3143 corruptiorem
732 3058 817 3124 docti
833 3071 940 3124 tertmt
954 3057 1125 3123 arbitrariis
1139 3055 1286 3121 emenda·

148 3179 247 3234 tortum
261 3169 566 3256 interpolationibus.
611 3169 691 3249 Nos,
707 3171 886 3235 auctoritati
907 3170 1060 3233 librorum
1084 3168 1282 3252 scriptorum,

147 3280 204 3366 qua
219 3283 392 3367 potuimus,
409 3292 441 3345 et
455 3280 562 3345 Latini
578 3280 728 3344 sermonis
743 3281 873 3343 sincerae
887 3279 969 3366 leges
984 3278 1132 3355 sinerent,
1152 3277 1284 3344 fideliter

147 3391 291 3472 obsecuti,
307 3407 342 3458 et
356 3389 490 3457 subinde
504 3414 561 3479 per
574 3392 704 3455 leviores
718 3410 761 3453 ex
776 3387 904 3476 ingenio
918 3388 1118 3467 mutationes,
1134 3389 1174 3454 de
1188 3391 1284 3454 ratio·

28 3533 31 3539 ·
147 3503 233 3569 nibus
247 3504 289 3569 ad
303 3503 455 3569 codicum
476 3503 607 3590 vestigia
629 3500 859 3589 religiosissime
881 3499 1053 3578 subductis,
1076 3500 1284 3569 timidiuscule

146 3617 309 3705 progressi,
337 3615 579 3700 depravationes
602 3615 784 3678 innumeras
813 3611 1009 3701 profligasse,
1039 3635 1076 3677 ac
1089 3657 1091 3661 ,
1105 3627 1281 3680 venustates

147 3730 292 3794 sermonis
307 3748 408 3815 quom
422 3726 581 3811 plurimas,
604 3725 783 3790 demortuos
797 3724 890 3811 plane
911 3725 1190 3815 conclamatasque,
1217 3729 1283 3793 imo

147 3837 370 3926 deperditas'et
383 3837 575 3916 obliteratae,
590 3838 820 3925 nobismetipsis
834 3837 943 3903 saltem
951 3838 1096 3903 videmur
1105 3841 1281 3905 resuscitas-

146 3973 185 4016 se
227 3952 344 4042 Neque
358 3952 445 4016 enim
460 3951 579 4016 interea
592 3971 659 4014 non
680 3972 775 4037 opere
789 3972 913 4016 summo
935 3950 1082 4016 cavebam
1097 3974 1220 4037 semper
1240 3953 1282 4017 ab

146 4062 192 4128 illd
205 4066 385 4133 temeritate
400 4064 589 4153 corrigendi,
605 4086 701 4151 quam
714 4065 908 4129 vitiosissime
929 4064 1071 4149 usurpari
1095 4063 1281 4150 quibusdam

147 4174 281 4244 Lucretii
303 4176 479 4244 editoribus
500 4178 803 4255 animadvertebam
827 4190 859 4242 et
872 4177 959 4241 nolui
974 4177 1179 4256 committere,
1195 4187 1231 4240 ut
1245 4176 1279 4238 in
1354 4264 1355 4268 Ἰ

146 4285 750 4378 hacvituperationeinconstantissimus
760 4291 903 4355 omnium
911 4288 1119 4354 homunculus
1130 4288 1277 4365 habaet,

144 4411 177 4466 et
186 4425 222 4468 ea
235 4401 455 4490 reprehensio,
478 4425 571 4488 quam
585 4402 741 4489 prioribus
762 4400 849 4467 baud
863 4399 1078 4468 dubitaveram
1098 4398 1227 4474 illinere,
1243 4396 1278 4461 in

143 4529 233 4604 caput
245 4514 418 4604 proprium
432 4512 537 4580 denuo
547 4514 708 4581 recideret

687 4627 754 4700 b3
