2864 5334
105 104 272 182 Feralem
290 102 366 180 Oh!
394 104 551 195 utinam,
568 105 716 180 deamas
733 107 797 204 qui
814 106 943 181 militis
960 129 1074 197 arma,

154 254 201 329 In
218 267 289 329 tuo
300 253 460 329 nutrires
475 252 565 344 fata,
584 253 773 354 Tyranne,
788 279 1006 354 gregem.-

106 402 181 494 Tu,
198 403 308 477 Foru!
334 413 493 502 perstes:
519 401 696 502 vigilaces
713 426 842 478 exsere
856 427 975 478 curas.

155 551 367 626 Prodimur:
394 551 541 650 imperii
554 551 726 626 machina
741 550 838 627 fessa
852 551 964 626 labat.

106 698 237 789 Queis,
250 699 416 789 adverte,
432 699 530 774 notis
549 699 698 774 Aurora
711 698 932 799 crepuscula
947 697 1112 798 tinguat3

155 847 283 947 thue
300 871 398 922 novo
415 849 547 923 rubeat
572 873 660 923 mox
677 849 818 924 oritura
834 849 907 923 die.

106 996 152 1070 In
170 1005 209 1071 te
220 994 319 1072 forte
337 996 448 1071 situm
466 1008 536 1086 est,
553 1020 601 1070 an
615 996 669 1071 sol
687 995 892 1096 fulgentior
908 994 992 1084 ibit,

155 1141 305 1219 Obruet
322 1168 369 1216 an
387 1143 509 1217 noctis
523 1143 671 1218 densior
686 1146 818 1219 umbra
834 1144 974 1243 polum.

107 1293 245 1366 Fausto
261 1289 327 1364 sed
345 1290 532 1364 eveniant!
563 1291 630 1363 lux
648 1315 763 1389 ocyus
780 1292 910 1389 irriget
922 1291 1019 1364 almo

157 1436 376 1537 Squalentes
394 1460 557 1534 campos,
574 1448 613 1511 et
629 1437 713 1510 loca
729 1437 836 1536 pigra
853 1437 946 1511 situ!

106 1588 191 1664 lam
209 1596 369 1676 certent,
385 1583 481 1659 male
497 1585 572 1659 fido
589 1585 734 1675 cohors,
759 1585 972 1683 Poenaeque,
1000 1583 1215 1682 Metusque,

158 1735 330 1834 Totaque
346 1734 546 1824 barbaries,
563 1733 771 1809 occuluisse
784 1733 916 1833 caput!

109 1884 336 1959 Nascentem
354 1883 455 1958 houd
471 1882 575 1958 nullo
592 1894 631 1960 te
647 1882 742 1958 vidit
760 1882 903 1958 lumine
921 1879 1048 1956 Musa:

159 2031 330 2121 Sustulit,
347 2057 393 2106 ac
408 2033 537 2133 tepido
553 2032 647 2108 fovit
664 2032 783 2108 amice
799 2032 895 2106 sinu.

109 2177 233 2256 Prima
248 2191 337 2255 aetas
354 2179 496 2255 medios
512 2181 611 2256 inter
626 2180 767 2255 nutrita
782 2179 943 2279 lepores:

156 2329 241 2408 Jarn
257 2329 366 2429 pueri
384 2327 529 2404 Aonius
546 2329 685 2428 proluit
701 2353 765 2403 ora
776 2328 890 2402 latex.

111 2473 172 2552 Tu
189 2503 265 2553 non
282 2477 454 2576 injiceres
471 2477 641 2554 volitanti
654 2478 805 2554 vincula
821 2475 952 2565 menti,

160 2626 234 2700 Sed
251 2627 390 2702 sineres
408 2628 527 2727 spatio
543 2627 714 2703 liberiore
732 2626 818 2702 frui.

111 2772 304 2847 Dilectum
323 2774 464 2849 Phoebo
483 2774 613 2850 Phoebi
627 2776 762 2851 chorus
779 2774 898 2850 omnis
915 2780 1097 2848 amarent:

161 2919 443 3018 Reptarentque
461 2944 619 3011 sacrum,
637 2933 675 2995 te
692 2934 897 3019 praeeunte,
915 2944 1057 2996 nemus.

112 3064 253 3142 Omnes
272 3067 501 3143 Castalidum
514 3094 635 3168 neque
654 3070 775 3146 cultor
792 3071 1018 3145 humillimus
1035 3088 1151 3142 annos

159 3214 323 3291 Vomere
341 3217 394 3291 sio
411 3217 526 3291 sterili
545 3218 747 3294 solicitoret
759 3220 926 3295 humum.

113 3361 281 3438 Horrent
297 3366 544 3464 magnanimae
558 3391 715 3466 regnum
733 3368 865 3443 servile
881 3389 1040 3442 sorores:

116 3564 127 3578 .
162 3508 272 3585 Heu!
297 3510 379 3611 lyra
395 3524 553 3589 terrores
569 3514 682 3606 inter,
700 3527 738 3590 et
755 3541 869 3606 arma,
887 3514 981 3588 silet.

114 3656 278 3757 Anglioa
294 3682 370 3732 non
388 3659 512 3735 Latias
530 3686 667 3737 novere
683 3662 820 3761 palatia
837 3662 983 3736 Musas:

163 3805 239 3881 Ista
256 3806 387 3882 domus
403 3805 530 3907 friget,
557 3807 672 3884 Graia
689 3810 885 3885 Camoena!
911 3808 992 3883 tibi.
