2864 5334
443 582 513 651 AD
545 577 844 651 LECTOREM.
1170 584 1205 648 xi

75 769 287 865 erpuugmdo
304 769 488 850 adhibitis,”
509 769 651 849 memini,
676 790 729 834 me
750 789 816 834 non
830 768 891 834 nisi
909 789 1024 855 paucas
1038 768 1202 855 scripturae

73 884 299 973 hesperides
319 882 572 970 dqrrebendisse,
594 883 716 970 quoties
743 903 849 969 operte
877 882 1014 969 pretium
1039 879 1204 949 habuerim

75 1020 138 1065 eun
151 1016 348 1084 componere
362 1018 436 1062 cum
449 997 510 1064 hac
524 994 658 1062 Mars
681 1016 757 1083 quss
770 996 888 1082 pariter
901 994 1002 1074 nihili,
1024 994 1205 1060 u‘criticum

73 1108 328 1178 commoditatem
342 1120 473 1197 spectes,
487 1108 643 1174 faciendas
650 1119 738 1195 puto.
765 1107 936 1194 Exemplar
948 1109 1119 1186 Maur,
1129 1109 1206 1172 anni

76 1220 236 1290 tinxi
267 1222 355 1310 quod
375 1230 553 1286 memorant
575 1220 816 1306 Havercampus
841 1231 873 1285 et
900 1219 1073 1299 Fabricius,
1099 1220 1205 1286 nescio

74 1331 682 1423 quamobrationemadhuucsnnum
703 1330 1049 1418 referentes,ipeissima
1069 1343 1116 1397 est
1135 1331 1206 1398 haec

74 1447 174 1527 editio,
189 1445 235 1512 de
247 1444 313 1533 qui
327 1445 453 1532 loquor,
469 1455 513 1524 et,
528 1465 602 1509 cum
616 1442 734 1509 Amiso
748 1443 913 1523 consimili,
932 1465 985 1508 me
998 1466 1205 1530 possessorem

14 1786 16 1791 ’
114 1782 254 1861 Interea,
282 1801 357 1846 cum
382 1799 501 1868 magno
525 1777 824 1843 commentariorum
849 1789 1015 1866 apparatu,
1042 1777 1208 1846 Lucretius

79 1893 232 1980 prodierat
256 1901 281 1934 “
297 1891 458 1967 Bmoniae,
474 1910 516 1955 ex
530 1890 701 1978 ergasterio
714 1890 899 1975 Hieronymi
919 1892 1073 1974 Bapostae
1095 1892 1132 1954 de
1146 1892 1209 1956 Be·

32 2062 36 2067 .
80 2015 99 2050 “
112 2007 238 2072 mdrctis
246 2002 406 2070 Platonici
413 2002 625 2079 Bononiam,
638 2023 657 2065 a
667 2002 788 2068 Jconne
795 2000 943 2084 Rapsioi
956 2004 1019 2066 Pio
1028 2002 1141 2082 editus,
1152 2024 1208 2068 an·

81 2125 101 2161 “
112 2138 154 2182 no
167 2114 308 2183 Domini
323 2110 485 2178 M.D.Xl.
500 2111 561 2175 lml.
577 2109 688 2176 Maur
711 2110 809 2197 Opes,
824 2133 897 2198 quae
911 2112 969 2177 ubi
984 2113 1025 2178 sd
1039 2114 1209 2181 emendan-

81 2228 148 2294 dunr
163 2226 309 2294 Lucretii
326 2245 453 2291 carmen
468 2235 692 2309 compmrent,
710 2223 786 2288 Pius
799 2224 929 2311 ipsemet
952 2225 996 2291 sic
1018 2229 1208 2312 percensuit:

83 2347 104 2384 ‘⁴
119 2340 332 2418 Contulimus,
354 2359 421 2402 non
444 2336 511 2401 sine
536 2337 685 2401 aerumnis
708 2337 880 2426 vigiliisque
904 2337 1044 2417 diutinis,
1067 2339 1209 2405 codicem

83 2452 229 2519 “Veneti
246 2448 427 2527 Hermolai,
443 2458 475 2512 et
491 2447 648 2533 Pomponi
665 2449 804 2513 Romani
809 2475 820 2526 ς
844 2449 1046 2538 codicemque
1060 2473 1125 2515 non
1140 2474 1208 2516 om·

82 2571 101 2607 “
112 2564 189 2629 nino
200 2562 336 2641 malum,
350 2561 405 2648 qui
420 2571 559 2625 servatur
571 2559 728 2641 Mantum,
738 2562 772 2624 in
785 2561 972 2627 bibliothecis
986 2562 1122 2650 quadum
1137 2563 1209 2628 sub-

83 2674 248 2754 “urbanb,
272 2674 328 2761 qui
350 2672 409 2738 fuit
431 2672 491 2736 riri
512 2693 577 2737 non
599 2672 730 2752 indocti,
752 2675 855 2762 gentis
875 2674 1052 2740 clarissimae
1076 2676 1209 2742 Strotio-

83 2795 103 2830 “
116 2808 194 2852 rmn.
240 2785 319 2851 Non
329 2783 428 2850 defuit
440 2783 578 2871 Philippi
588 2784 747 2865 Beroaldi‚
756 2788 957 2873 praeceptoris
967 2787 1128 2875 quondam
1135 2788 1210 2867 mei,

84 2905 199 2964 “nuuc
213 2897 357 2987 collegae,
371 2898 539 2985 impressus
552 2898 691 2984 quon,
706 2899 761 2964 sed
784 2911 891 2964 tamen
914 2922 1067 2986 perpense
1091 2901 1210 2964 exami-

85 3018 214 3077 “nalusz
248 3009 351 3076 Codri
372 3031 509 3097 quoque,
538 3011 734 3100 grammatici
757 3012 979 3090 Bononiensis3
1003 3012 1089 3097 cujus
1118 3011 1210 3095 copia

86 3129 104 3164 ‘¹
116 3122 193 3187 mibi
208 3143 268 3207 per
282 3121 540 3188 bartholomeum
556 3121 779 3199 Blenchinum,
794 3123 896 3186 vinum
911 3122 1025 3208 eloquii
1039 3121 1210 3187 excultissi·

85 3241 105 3277 “
116 3234 173 3313 mi,
188 3232 275 3299 facta
288 3244 345 3297 est:
361 3232 551 3320 Marulliqne
564 3236 668 3320 podtae
681 3231 834 3297 industrii
843 3232 923 3297 miri
934 3234 1129 3323 castigatum,
1144 3255 1209 3298 non

86 3353 105 3388 ‘⁶
118 3345 216 3412 deiirit
230 3345 400 3432 exemplar,
424 3345 553 3424 Severo,
574 3345 715 3411 Monaco
730 3345 924 3424 Placentino,
939 3367 1043 3435 grsece
1056 3346 1212 3434 latineque

87 3464 106 3500 “
115 3457 278 3544 perdocto,
297 3454 464 3522 Musarum
484 3456 611 3536 athleti,
624 3479 689 3522 non
701 3458 855 3547 gravatim
870 3456 1028 3524 offerente.
1073 3458 1127 3523 Ex
1141 3459 1210 3547 qui·

85 3576 105 3613 ‘⁴
113 3569 181 3649 bus,
196 3568 291 3634 sicuti
303 3566 429 3646 Zeuxis,
445 3589 486 3631 ex
496 3580 632 3655 quatuor
645 3568 773 3634 diversis
787 3569 981 3656 corporibus,
997 3593 1105 3650 unum,
1121 3584 1164 3650 et,
1174 3583 1210 3637 ut

85 3688 105 3724 “
118 3682 268 3760 arbitror,
283 3681 530 3770 integerrimum,
546 3680 680 3747 fonnem
691 3681 841 3748 Lucretio
850 3684 1079 3770 praestitimus.'’

120 3792 262 3880 Optime
282 3791 383 3881 frugis
395 3791 465 3858 haec
487 3806 533 3858 est
553 3793 661 3874 editio,
683 3805 716 3859 et
728 3794 818 3859 nobis
840 3817 897 3880 per
911 3796 1120 3861 fidelissimam
1141 3795 1211 3861 dili-

85 3906 214 3992 gmu'nm
237 3915 386 3970 mactata:
412 3927 470 3969 nec
485 3904 668 3972 addubitem
693 3919 810 3987 tamen,
829 3907 961 3973 aliorum
987 3906 1210 3994 exemplarium

85 4017 263 4084 mmoniis
280 4015 432 4095 devium,
454 4017 531 4104 quin
547 4017 623 4083 Pius
637 4018 678 4083 sd
692 4019 867 4100 arbitrium,
890 4041 948 4086 nec
962 4020 1131 4086 admonitis
1150 4020 1212 4085 lec-

55 4164 58 4171 ·
86 4128 207 4210 loribus,
222 4129 332 4217 po'e'tae
343 4140 526 4194 contextum
539 4130 731 4215 plurimriam
739 4132 962 4211 immutaverim
986 4145 1029 4212 et,
1042 4154 1083 4198 an
1093 4130 1212 4197 levibus

85 4236 119 4306 de
129 4241 248 4309 causus
261 4241 348 4307 banc
361 4243 547 4308 sententiam
560 4244 766 4310 inimiciorem
780 4247 998 4332 pronunciem,
1013 4265 1109 4333 penes
1123 4243 1211 4322 elios,

86 4353 220 4438 perlectis
234 4352 384 4424 omnibus
398 4377 436 4422 sc
448 4356 621 4442 perpensis,
636 4357 676 4422 sit
684 4356 848 4442 judicium.
