2946 5356
486 590 558 658 AD
580 589 880 658 LECTOREM.
1183 616 1249 661 xxv
1327 636 1332 646 ι

117 782 198 847 aime
210 776 438 857 incunbentes,
452 777 539 864 prius
553 778 711 856 volumen,
727 790 763 842 ut
773 789 1005 843 antecursorem
1015 779 1184 865 quendam,
1195 747 1250 869 dui

79 932 82 943 ·
115 890 274 980 publicam
287 892 470 979 opinionem
481 891 632 978 speculari
646 890 760 978 quiret,
775 903 807 955 et
819 890 954 980 gratiam
968 892 1128 977 aucupari,
1143 915 1250 959 neces-

117 1027 188 1070 sum
202 1002 299 1068 habui
312 1005 515 1091 pnemittere:
539 1017 570 1068 et
584 1015 688 1069 actum
703 1015 750 1068 est
762 1001 903 1088 profecto
916 1001 957 1067 de
970 1001 1103 1068 fortunis
1116 1005 1205 1082 meis,
1217 996 1250 1070 et

118 1115 307 1183 editionibus
321 1119 486 1202 poetarum
499 1127 640 1181 veterum
653 1137 710 1201 per
724 1114 852 1180 sudores
872 1136 959 1179 meos
972 1115 1006 1179 in
1020 1113 1161 1182 futurum
1174 1139 1251 1203 pro·

116 1228 277 1308 curandis,
299 1227 358 1292 nisi
373 1226 489 1293 sithoc
503 1227 659 1314 specimen
680 1226 770 1292 lautis
778 1226 936 1313 judicibus
956 1226 1122 1293 liberditer
1136 1250 1250 1315 excep-
1275 1306 1277 1310 y

116 1352 197 1407 tum:
221 1339 307 1427 quod
321 1362 396 1406 sane
409 1338 458 1405 vel
472 1339 513 1404 ad
527 1339 615 1403 omni
628 1338 705 1404 luxu
719 1336 947 1426 typographico
961 1340 1247 1422 condecorandam,

117 1475 180 1541 quo
200 1451 360 1538 pulchrius
380 1451 500 1516 veniret
520 1449 711 1539 elegantibus
724 1449 896 1515 formarum
917 1453 1141 1537 spectatoribus
1162 1476 1248 1518 com·

117 1565 312 1642 mendatum,
344 1573 510 1652 apparatus
538 1584 579 1626 ne
600 1561 857 1648 sumptuosissimi
885 1563 1012 1648 quidem
1040 1578 1248 1630 cessaverunt.

119 1678 254 1755 interea,
278 1674 411 1740 candide
430 1673 539 1751 lector,
562 1684 594 1738 et
615 1671 748 1739 erudite!
780 1673 897 1739 indices
918 1673 995 1754 duo,
1018 1676 1095 1742 alter
1123 1677 1248 1742 criticus

118 1791 260 1855 omnium
275 1791 309 1852 in
324 1786 553 1853 commentariis
571 1785 793 1852 notabiliorum
807 1786 993 1866 uberrimus,
1018 1800 1050 1854 et
1064 1789 1141 1854 alter
1160 1789 1248 1854 locu·

118 1902 303 1989 pletissimus
317 1901 495 1978 verborum,
516 1899 598 1965 libro
612 1913 701 1964 sexto
722 1900 931 1987 subjicientur.
977 1900 1061 1977 Quae
1082 1912 1248 1988 supersunt
1346 1880 1352 1887 ³

118 2026 233 2092 autem,
249 2013 372 2099 prelum
386 2013 595 2078 strenuissime
609 2025 769 2092 exercent,
792 2026 824 2080 et
837 2013 944 2100 paucis
958 2011 1074 2081 abhinc
1087 2012 1246 2080 mensibus

119 2125 180 2191 hoc
194 2109 353 2205 volrnnen,⁴
368 2125 442 2190 Deo
455 2124 589 2207 favente,
603 2126 814 2214 insequentur.
859 2123 950 2191 Vale!

140 2351 173 2415 Ε
186 2349 305 2413 Musaeo
317 2370 382 2413 meo

114 2483 210 2546 prope
230 2462 416 2539 londinum,

133 2573 273 2639 Noncrnb.
288 2575 338 2638 die
350 2596 400 2637 nr.
