2946 5356
506 527 590 597 AD>
608 527 907 599 LECTOREM.
1213 535 1282 601 xix·

181 711 228 781 G.
243 710 478 797 Θοίέοφίααωι
490 725 537 780 est
546 713 768 804 fragmentum,
785 715 1008 803 Havercampo
1022 726 1115 806 atque
1123 717 1190 785 aliis
1199 742 1272 788 eru·

137 825 212 892 ditis
225 823 424 906 celebratum,
446 837 571 892 aetstem
585 828 742 916 attingens
763 834 827 891 800
841 826 890 893 vel
911 836 975 893 900
989 851 1161 911 annorum,
1184 833 1271 920 quod

136 935 268 1004 infauste
281 948 388 1003 tamen
402 937 528 1026 explicit
541 961 614 1006 cum
628 946 804 1007 versutas.
819 940 948 1007 secundi
960 940 1042 1007 libri.

179 1162 217 1229 P.
231 1165 291 1230 Pii
302 1174 350 1229 est
363 1162 460 1230 editio
475 1163 694 1246 Bononiensis,
708 1165 749 1232 de
763 1164 825 1254 qui
839 1187 943 1254 supra.

177 1386 275 1454 Vind.
289 1387 388 1455 literoe
401 1389 560 1477 exemplar
584 1389 818 1471 Vindobonmse,
833 1391 930 1458 modo
943 1403 1151 1459 memoratum
1165 1392 1269 1475 nobis,

132 1498 287 1566 indicant:
305 1500 348 1577 Q.
362 1523 449 1581 vero,
464 1500 675 1591 fragmentum
688 1504 817 1583 codicis,
831 1504 950 1568 ibidem
964 1504 1166 1584 declaratum,
1182 1507 1269 1593 quod

134 1611 243 1699 incipit
256 1613 299 1677 ad
312 1612 365 1677 lib.
380 1613 412 1676 ii.
427 1634 489 1679 ver.
505 1619 580 1678 658.
594 1614 833 1700 interrumpitur
853 1615 896 1679 ad
908 1615 962 1679 lib.
975 1615 1020 1680 iii.
1035 1638 1098 1680 ver.
1121 1624 1195 1681 614.
1209 1639 1269 1684 nec

132 1723 217 1809 prius
231 1723 272 1790 de
285 1746 370 1788 novo
383 1723 560 1803 exorditur,
578 1745 673 1810 quam
688 1724 729 1788 ad
742 1724 797 1791 lib.
809 1726 851 1791 vi.
866 1747 930 1792 ver.
945 1728 1018 1791 747.
1032 1725 1193 1808 deveniam
1207 1750 1268 1796 un·

133 1834 173 1901 de
185 1835 228 1899 ad
240 1833 338 1899 finem
350 1834 423 1899 libri
437 1834 635 1901 continenter
647 1836 763 1924 pergit·

173 2058 214 2124 Ι.
228 2058 317 2124 litera
327 2059 416 2146 prior
425 2058 504 2124 liber
518 2057 593 2125 MS.
608 2058 875 2140 membranaceus,
890 2058 1027 2128 duorum
1040 2061 1267 2149 pulcherrimo·

132 2192 203 2238 rum
216 2193 254 2238 ac
267 2170 555 2250 vetustissimorum,
570 2169 731 2256 quondm
746 2170 845 2237 Isaaci
861 2171 975 2251 Vossii,
985 2174 1039 2260 qui
1052 2174 1087 2238 in
1101 2174 1266 2242 bibliothe-

131 2282 167 2349 ὠ
182 2281 390 2350 universitatis
401 2283 551 2369 largam
565 2281 759 2350 Batavorum
765 2295 972 2365 asservantur,
988 2308 1008 2351 a
1021 2307 1073 2351 me
1086 2284 1266 2376 desigimtm

131 2407 193 2475 est;

172 2619 223 2688 Μ.
237 2631 344 2687 antem
357 2619 447 2689 iiteri
471 2620 627 2709 posterior
650 2620 740 2688 liber:
767 2642 902 2710 quorum
927 2621 1091 2689 varietates
1109 2623 1265 2691 recensuit

133 2732 381 2820 Havercampus.

172 2960 215 3027 0.
230 2960 333 3026 codex
346 2972 393 3026 est
407 2959 540 3026 Domini
553 2960 669 3040 Poore,
684 2982 779 3047 supra
791 2957 920 3027 nudam
942 2958 1030 3046 prius
1041 2969 1145 3024 autem
1154 2958 1195 3023 ad
1207 2979 1263 3044 pa·

130 3071 237 3162 gissam
250 3071 520 3160 quadragesimam
535 3071 680 3137 volumen
694 3070 756 3136 hoc
770 3092 970 3159 progressum
984 3080 1042 3149 est,
1058 3091 1153 3156 quam
1174 3067 1263 3135 hicce

131 3183 206 3251 liber
219 3183 298 3248 mihi
309 3184 343 3247 in
357 3203 468 3247 manus
482 3182 610 3247 venerit.

172 3424 209 3473 n.
233 3403 499 3494 cantabrigiensis
511 3403 590 3469 liber
603 3415 660 3469 est:

171 3666 205 3719 Δ.
229 3669 265 3719 n.
287 3667 319 3721 et
332 3666 366 3718 Σ.
381 3654 504 3720 codices
519 3653 637 3721 Musoei
659 3652 846 3732 Britannici,
862 3651 904 3718 ad
917 3649 1061 3753 ordinem
1075 3650 1262 3718 recensionis

52 3827 56 3833 .
131 3781 257 3848 nostrae,
273 3789 367 3855 super
380 3767 438 3833 illis
455 3766 584 3848 habitae,
599 3768 633 3832 in
647 3766 904 3853 praecedentibus.
1031 3820 1051 3847 .,

171 4016 274 4083 Valde
285 4015 424 4082 laboravi
433 4018 468 4082 in
478 4014 703 4107 orthographii
718 4014 823 4081 textis
833 4013 1013 4080 Lucretiani
1028 4011 1259 4091 constituendi,

128 4144 163 4198 ut
175 4155 326 4216 wama
338 4132 473 4198 nitorem
486 4130 585 4210 illum,
600 4151 638 4195 ae
650 4129 761 4194 florem
774 4127 987 4217 ferrugineum
1001 4125 1188 4191 venerandae
1209 4147 1262 4190 ve·

129 4247 261 4325 arctatis,
284 4243 472 4332 importunis
494 4253 707 4307 correctorum
730 4238 875 4305 manibus
898 4239 1014 4326 passim
1035 4238 1204 4316 detersum,
1226 4238 1260 4300 in

129 4371 282 4444 quantum
295 4379 372 4423 sana
384 4356 661 4446 grammaticorum
673 4352 848 4440 priscorum
856 4351 976 4439 judicia
986 4363 1018 4417 et
1029 4349 1160 4416 subinde
1173 4347 1260 4414 codi-

129 4489 202 4536 cum
224 4470 392 4539 samaritas
416 4465 672 4559 suffragarentur,
697 4464 965 4534 redaccenderem.
1015 4463 1080 4534 Res
1100 4461 1170 4531 haec
1191 4472 1259 4529 erat

648 4579 673 4655 b
692 4590 715 4652 2
