2864 5334
140 527 243 598 mvi
527 526 872 597 ARGUMENTA.

142 737 213 783 ram
226 713 322 781 umus
336 712 547 801 explicaverit,
562 714 676 778 merito
697 735 772 779 sane
785 736 805 778 a
818 734 884 776 ver·
908 717 961 775 26.
975 711 1018 776 ad
1030 734 1094 777 ver.
1116 719 1170 777 46.
1191 711 1274 781 banc

143 829 237 895 aliam
261 828 416 895 subnectit
437 825 691 914 disputationem,
717 826 759 892 de
779 826 954 891 sensatione
978 837 1044 890 tant
1066 825 1274 915 vigilantium,

143 962 239 1030 quam
253 940 486 1006 dormientium.
532 938 638 1016 Quam
653 938 895 1025 disputationem
906 950 943 1003 nt
952 959 993 1003 ex
1002 937 1114 1004 ordine
1125 938 1275 1018 absolvat,

143 1076 165 1119 e
186 1053 356 1120 simulacris
381 1052 557 1131 exorditur,
581 1074 716 1139 quorum
739 1074 801 1136 ope
823 1073 950 1116 omnem
978 1052 1184 1117 tentationem
1207 1049 1276 1116 fieri

143 1165 316 1231 contendit
359 1165 466 1230 Docet
478 1165 595 1250 itaque,
611 1163 676 1229 ΙΙΙ.
691 1187 712 1229 a
721 1186 826 1229 rerum
841 1162 1004 1249 superficie
1018 1164 1124 1229 tenuia
1132 1161 1277 1248 quaedam

144 1288 177 1343 et
197 1276 395 1342 subtilissima
416 1275 582 1341 simulacre
606 1275 701 1353 mitti,
728 1298 799 1361 quae
823 1275 939 1360 passim
963 1296 1021 1361 per
1042 1277 1115 1340 ae'ra
1136 1274 1277 1352 volitant,

144 1387 301 1477 sigillatim
314 1400 420 1454 tamen
434 1389 493 1452 sub
507 1388 606 1453 visum
624 1409 690 1452 non
705 1387 835 1465 cadunt,
850 1388 911 1451 nisi
925 1409 945 1451 a
959 1386 1100 1472 speculis,
1116 1399 1171 1451 eut
1184 1383 1278 1471 aqui,

143 1499 279 1586 repulse,
301 1500 336 1564 in
349 1499 456 1565 acidos
469 1500 643 1577 incurrant,
659 1521 756 1564 aver.
772 1506 826 1563 46.
842 1499 883 1563 ad
897 1521 961 1563 ver.
980 1505 1054 1561 108.
1098 1497 1157 1563 IV.
1175 1496 1280 1564 Subti-

143 1610 263 1677 itstem
276 1609 390 1676 horum
406 1610 641 1676 simulacrorum
656 1611 862 1688 demonstrat,
877 1622 910 1675 et
923 1609 1057 1674 subinde
1077 1609 1281 1697 exiguitatem

143 1722 391 1809 primordiorum
405 1721 584 1800 confimat,
599 1722 641 1787 ed
651 1744 718 1787 ser.
732 1729 804 1788 129.
849 1721 890 1786 V.
908 1721 1153 1786 Simulacrorum
1163 1719 1282 1805 duplex

144 1832 309 1921 distinguit
330 1854 441 1920 genus,
456 1831 589 1896 alterum
610 1854 731 1909 eorum,
754 1854 826 1918 quae
840 1843 952 1915 sponte
966 1830 1021 1896 sui
1035 1843 1226 1918 generantur
1247 1833 1282 1897 in

145 1945 229 2022 aire,
245 1942 348 2030 qualia
360 1963 590 2028 nonnunquam
611 1941 752 2006 videmus
766 1940 835 2004 fieri
848 1941 882 2003 in
897 1940 1044 2019 nubibus,
1060 1942 1156 2006 modo
1170 1944 1284 2030 gigaa-

146 2066 226 2132 tnm,
242 2052 339 2119 modo
359 2052 528 2131 montium,
552 2051 715 2116 autetiam
730 2049 915 2128 belluarum,
938 2052 1090 2138 imagines
1110 2053 1282 2134 imitantia,

147 2165 280 2233 alterum
304 2185 427 2242 eorum,
451 2185 523 2250 quoe
537 2185 686 2229 ererum
709 2161 873 2248 superficie
897 2161 1033 2239 evolant,
1060 2163 1148 2249 quasi
1173 2176 1283 2231 tenues

147 2298 254 2343 rerum
267 2275 401 2341 exuviae:
424 2284 457 2339 et
469 2272 584 2338 deinde
597 2293 736 2338 ererum
751 2272 914 2358 superficie
927 2271 984 2336 has
995 2273 1121 2337 exuvias
1129 2288 1285 2360 perpetuo

148 2387 225 2454 oriri
246 2386 350 2464 docet,
372 2397 405 2450 et
418 2383 456 2449 ei
469 2395 574 2449 motus
595 2383 751 2448 celeritate
771 2405 829 2469 per
843 2384 916 2447 aira
936 2381 1022 2461 ferri,
1044 2395 1080 2447 ut
1094 2384 1142 2449 vel
1158 2387 1286 2456 luminis

149 2497 387 2582 solarisjactum
400 2494 489 2560 facile
503 2506 662 2581 superent,
677 2516 769 2560 aver.
788 2500 859 2557 129.
874 2493 987 2558 adver.
1003 2499 1077 2557 216.
1122 2495 1181 2562 VI.
1198 2498 1286 2574 Quis

149 2610 233 2675 risus
246 2608 389 2674 omnium
410 2627 557 2672 sensuum
577 2605 698 2692 primus
712 2604 863 2690 habam,
885 2603 927 2669 ab
941 2627 978 2669 eo
993 2605 1167 2686 exorditur,
1190 2632 1285 2696 quem

151 2742 194 2788 ex
218 2719 467 2797 simulacrorum,
492 2741 547 2783 seu
569 2717 755 2806 imaginum,
780 2717 907 2785 incursu
930 2715 999 2781 fieri
1023 2718 1128 2783 docet:
1159 2721 1285 2788 interim

151 2831 402 2918 autemexplicat
412 2852 450 2894 ea
460 2829 578 2908 omnia,
594 2850 666 2914 quse
680 2828 721 2894 ad
730 2827 812 2894 visis
826 2850 948 2893 caussas
962 2841 1116 2914 spectant,
1140 2832 1287 2920 variaque

152 2944 194 3009 de
206 2945 275 3009 visu
297 2941 491 3028 problemata
512 2941 674 3026 proponit,
696 2962 769 3027 quae
784 2942 843 3004 rite
857 2940 946 3004 solvit
967 2951 999 3004 et
1020 2941 1165 3026 explicat,
1188 2967 1287 3012 aven

153 3062 226 3119 216.
250 3054 291 3119 ad
306 3075 369 3118 ver.
388 3054 460 3115 471.
507 3050 584 3116 VII.
608 3051 659 3116 Ne
673 3073 748 3115 vero
769 3051 878 3137 aliquis
899 3074 940 3116 ex
953 3050 1168 3137 phaenomeais
1189 3055 1289 3122 modo

153 3166 313 3252 explicatis
328 3186 434 3229 sensus
447 3161 576 3227 fallaciae
597 3174 720 3250 argutat,
735 3161 858 3225 illorum
880 3160 1064 3249 dignitatem
1086 3165 1210 3251 copiose
1231 3167 1288 3232 ad·

153 3279 258 3355 struit,
281 3297 376 3341 ever.
393 3279 467 3340 470.
482 3275 524 3340 ad
535 3298 598 3339 ver.
616 3283 688 3340 524.
735 3275 779 3340 Et
793 3275 925 3340 subinde
946 3277 1106 3363 scepticos,
1128 3282 1289 3368 praecipue

153 3411 174 3453 a
195 3410 258 3452 ver.
281 3384 355 3451 479.
378 3386 503 3450 refutat:
530 3398 562 3450 et
584 3386 712 3450 demmn
737 3387 856 3464 asserit,
880 3409 1007 3451 omnem
1030 3389 1189 3456 veritatem
1212 3393 1289 3459 fidei

155 3517 304 3562 sensuum
317 3497 418 3560 inniti·
464 3496 560 3559 VIII.
578 3495 642 3560 His
656 3497 700 3560 itu
714 3496 754 3560 de
767 3497 835 3561 visu
849 3496 1023 3582 disputatis,
1039 3514 1168 3567 coeteros
1182 3527 1290 3571 sensus

155 3608 352 3697 aggreditur,
368 3630 405 3672 ac
426 3608 565 3692 primum
585 3607 688 3686 docet,
712 3630 821 3673 vocem
846 3630 883 3673 ac
905 3631 1016 3675 sonum
1037 3635 1202 3699 corporeas
1223 3630 1290 3685 esse

155 3721 319 3808 imagines,
342 3742 414 3807 quoe
435 3742 543 3784 aurem
564 3721 682 3807 pariter
703 3720 815 3787 feriant
836 3734 868 3786 et
889 3723 1031 3788 auditum
1052 3723 1177 3791 faciente
1204 3730 1290 3796 vocis

156 3843 303 3898 naturam
316 3844 409 3920 atque
419 3831 623 3900 formaturam
638 3833 780 3919 explicat
827 3833 894 3899 Cur
904 3834 1014 3900 eadem
1026 3859 1088 3902 vox
1098 3839 1290 3925 percipiatur

157 3944 306 4024 amrdtis,
333 3946 486 4010 rationem
511 3946 630 4024 reddit,
656 3945 733 4033 quid
747 3947 788 4012 sit
800 3945 891 4026 echo,
918 3948 1077 4035 quomodo
1099 3949 1167 4028 fiat,
1189 3974 1210 4016 a
1223 3975 1289 4020 ver.

159 4063 232 4120 524.
248 4057 289 4121 sd
303 4079 367 4122 ver.
382 4064 456 4122 618.
503 4057 566 4123 IX.
581 4058 708 4124 Deinde
721 4058 762 4124 de
776 4082 897 4147 sapore,
913 4073 944 4125 et
958 4073 1062 4149 gustu,
1077 4062 1118 4127 de
1131 4063 1242 4143 odore,
1256 4077 1291 4131 et

83 4178 89 4187 '
157 4168 283 4249 olfactu,
299 4169 405 4247 docet3
429 4170 505 4256 quid
519 4194 632 4259 nempe
653 4172 693 4236 sit
707 4193 811 4258 sapor,
834 4174 910 4261 quid
924 4174 1016 4252 odor,
1038 4187 1070 4241 et
1083 4170 1140 4241 cur
1160 4197 1227 4241 non
1247 4177 1291 4244 ab

158 4282 304 4348 omnibus
328 4281 510 4348 sentiantur.
557 4285 624 4351 Cur
643 4284 731 4350 cibus
753 4285 837 4352 idem
859 4286 926 4351 aliis
940 4286 1048 4365 dulcis,
1071 4287 1137 4352 aliis
1151 4310 1290 4370 mnarus,

159 4392 229 4474 fiat,
247 4417 313 4464 ,ctu
326 4395 408 4464 odor
426 4396 502 4464 alius
524 4396 590 4467 aliis
611 4399 651 4465 sit
672 4398 772 4489 magis
793 4410 898 4485 aptus,
921 4409 1029 4466 etvox
1050 4399 1116 4469 aliis
1136 4410 1291 4468 mmm
