2864 5334
266 480 311 546 xii
623 480 694 545 AD
725 475 1022 544 LECTOREM.

309 663 436 730 ohaam
449 661 597 748 &saturas
614 662 762 728 uberibus
776 663 887 750 magis,
909 684 1005 749 quam
1019 672 1162 727 accurate
1176 660 1290 742 doctis,
1305 684 1391 731 com·

262 775 433 851 meritoriis,
450 774 552 839 indico
566 786 671 840 tamen
685 774 874 864 philologioo
887 774 1024 860 perutili,
1040 773 1223 839 Lucretirun
1237 776 1393 841 instruxit

265 889 482 973 “Scripturas
496 900 635 953 retemm
649 888 801 953 libromm
818 887 888 973 plus
909 908 1004 974 quam
1026 897 1098 951 octo
1119 909 1153 951 se
1176 887 1394 973 perpendisse”

259 1002 368 1086 jactat,
384 1010 416 1064 et
429 1011 555 1064 nactum
575 984 640 1065 esse
663 1008 686 1041 ‘⁴
701 1021 767 1063 non
781 1018 896 1083 paucas
917 997 1162 1076 emendationes,
1184 998 1347 1087 variasque
1361 1000 1395 1065 in

265 1120 290 1155 “
304 1113 431 1197 poetam
446 1123 587 1177 nostrum
597 1112 755 1189 lectiones,
771 1132 848 1198 quas
862 1111 910 1174 vir
924 1110 1119 1175 doctissimus
1133 1110 1284 1174 Amorum
1297 1111 1395 1175 Gold-

266 1231 290 1267 “
305 1226 473 1308 inglumro,
488 1223 585 1289 bomo
599 1224 735 1313 Anglus,
755 1245 798 1288 ex
820 1222 905 1288 libris
930 1222 1050 1286 calamo
1075 1221 1209 1286 exaratis
1234 1222 1268 1285 in
1293 1221 1395 1309 patriti

266 1343 289 1379 “
298 1334 360 1414 ¹susi
371 1335 508 1400 studiose
518 1357 555 1400 ac
566 1334 673 1400 sedulo
683 1335 878 1423 collegerat,’'
890 1334 936 1398 uti
949 1332 1093 1398 Gifnnius
1104 1333 1301 1419 opinabatur.
1318 1333 1396 1400 Hoc

263 1459 422 1535 utcunque
436 1448 486 1526 sit,
508 1448 616 1512 limato
624 1448 757 1533 judicio,
774 1448 840 1512 sine
854 1470 917 1533 quo
938 1446 1054 1511 frustra
1081 1446 1198 1511 critice
1219 1458 1393 1526 exstruetur,

262 1559 428 1626 destitutus
443 1559 493 1624 ille
506 1560 565 1637 vir,
581 1558 713 1646 diligens
734 1559 875 1645 quamvis
896 1571 929 1622 et
950 1558 1102 1636 eruditus,
1124 1580 1237 1644 pamm
1251 1559 1395 1647 contulit,

264 1695 315 1737 me
329 1673 437 1737 saltem
446 1671 565 1756 judice,
588 1694 629 1735 ex
642 1694 706 1757 quo
728 1671 868 1738 Lucretii
890 1682 1055 1735 contextus
1076 1670 1270 1735 emendatior
1292 1693 1395 1736 evase·

264 1783 313 1848 rit.

310 2007 386 2072 Non
401 2006 478 2072 alius
491 2018 563 2092 post
576 2004 635 2070 hos
649 2027 714 2070 esse
728 2005 851 2070 videtur
864 2004 978 2082 editor,
1001 2005 1055 2091 qui
1076 2015 1261 2071 contextum
1276 2004 1395 2072 Lucre·

267 2120 388 2185 tianum
402 2118 444 2185 ad
458 2117 554 2182 libros
565 2117 695 2202 scriptos
713 2117 863 2207 exegerit,
886 2127 1001 2203 proeter
1015 2117 1208 2197 Lamlimaa,
1225 2118 1396 2182 eraclias

265 2242 448 2309 nostratem,
464 2242 496 2295 et
509 2230 762 2313 Havercampiaa.

311 2457 365 2523 De
379 2456 528 2522 Lucretio
542 2454 662 2541 primus
675 2453 762 2519 istius
777 2451 988 2518 triumviratiis
1002 2452 1102 2518 doctis
1120 2453 1395 2519 animadversioni·

266 2568 325 2634 bus
338 2568 488 2655 praeclare
502 2566 631 2631 meritus
645 2576 705 2655 est,
728 2565 909 2629 Lambinam
923 2563 1008 2628 dico:
1032 2564 1086 2650 qui
1096 2589 1169 2631 usus
1177 2577 1234 2646 est,
1249 2578 1285 2631 ut
1299 2568 1396 2652 ipsius

265 2680 360 2745 rerba
373 2679 541 2766 proferam,
565 2688 589 2721 “
604 2679 638 2741 in
653 2677 802 2742 Lucretio
816 2677 1019 2755 restituendo,
1037 2678 1152 2741 Romae
1162 2679 1289 2764 quidem
1296 2677 1396 2742 tribus

267 2800 291 2834 ‘⁴
306 2792 392 2857 libris
408 2791 508 2857 MSS.
523 2813 588 2857 uno
604 2791 773 2867 Vaticano;
797 2790 905 2867 altero,
929 2791 983 2876 qui
1005 2788 1064 2854 fuit
1086 2790 1241 2855 Gabrielis
1265 2790 1393 2866 Faerni3

266 2913 289 2946 ‘⁶
306 2907 410 2983 tertio,
426 2927 519 2992 quem
536 2905 642 2991 Scipio
657 2903 784 2968 Tertius
800 2902 1024 2989 Neapolitanus
1038 2903 1066 2966 ei
1082 2902 1280 2967 commodato
1294 2902 1393 2967 dedit:

266 3017 442 3083 “Lutetiae
456 3040 531 3081 vero
545 3016 679 3095 duobus,
695 3039 760 3081 uno
784 3016 996 3092 Memmian03
1021 3015 1130 3094 altero,
1154 3014 1288 3080 Adriani
1310 3014 1395 3080 Tun·

266 3138 290 3170 ‘⁶
306 3129 378 3194 nebi
393 3129 485 3208 libro,
501 3129 542 3194 ad
559 3129 777 3196 Bertinianum
792 3129 932 3195 codicem
957 3128 1191 3216 diligentissime
1213 3139 1244 3192 et
1267 3149 1394 3193 accura-

267 3249 290 3282 “
306 3242 422 3307 tissime
435 3265 533 3328 usque
547 3243 588 3307 ad
601 3244 717 3309 libmm
732 3255 856 3308 sextum
871 3243 1025 3308 duntaxat
1040 3241 1248 3327 comparato.”

310 3461 465 3548 Equidem
481 3486 545 3529 non
560 3466 681 3544 issum,
697 3467 752 3552 qui
766 3467 867 3531 vimm
882 3467 1025 3555 ingenuis
1046 3466 1164 3531 artibus
1184 3466 1320 3551 penitius
1334 3467 1394 3530 im·

264 3572 387 3652 butum,
403 3586 435 3638 ot
449 3576 638 3641 amatoribus
654 3576 792 3642 Lucretii
807 3579 1031 3643 necessitudine
1040 3578 1209 3643 multorum
1218 3577 1394 3642 officiomm

265 3683 541 3766 devinctissimum,
557 3687 631 3752 fidei
646 3688 834 3754 sublestioris
856 3690 988 3755 libenter
1013 3712 1156 3778 arguam:
1179 3689 1264 3754 nefas
1287 3701 1393 3755 tamen

264 3809 354 3875 esset,
370 3812 401 3862 et
415 3799 533 3863 crimen
547 3799 718 3885 publicum,
734 3801 936 3880 dissimulare,
947 3802 1045 3867 multa
1053 3801 1130 3866 mihi
1144 3802 1179 3865 in
1187 3801 1248 3866 hoc
1262 3824 1393 3867 munere

264 3908 464 3997 defirngendo
479 3911 656 3998 sompnium
672 3935 764 3998 super
777 3913 837 3978 hsc
851 3936 897 3991 re,
913 3936 1009 3978 manu
1024 3913 1144 3997 scriptis
1159 3913 1272 3978 scilicet
1286 3934 1393 3979 exem·

263 4020 400 4105 plaribus
416 4020 574 4101 Lambini,
591 4045 656 4087 non
670 4024 768 4089 levem
783 4025 935 4110 injecisse3
959 4025 992 4087 in
1015 4047 1086 4110 quse
1100 4024 1229 4089 lectores
1242 4025 1324 4089 ultro
1339 4049 1392 4091 oc-

257 4133 442 4222 cumbunt,
452 4133 531 4198 etde
541 4136 921 4222 quibussuumjudicium‚
933 4136 1082 4201 hactenus
1093 4137 1297 4214 submonitos,
1309 4160 1393 4222 prae·

263 4245 374 4308 stiterit
387 4245 525 4332 integros
540 4248 721 4312 exercuisse:
745 4271 793 4312 res
808 4249 904 4335 igitur
918 4272 937 4312 a
951 4270 1002 4311 me
1023 4248 1207 4335 relinquitur
1220 4250 1253 4312 in
1275 4249 1390 4315 medio.

266 4356 341 4422 Hoc
356 4357 474 4422 interos
488 4357 528 4422 de
541 4358 636 4443 plano
650 4359 751 4425 nullus
765 4359 971 4425 dubitaverim
986 4359 1151 4440 affirmare,
1167 4383 1218 4426 me
1232 4362 1390 4427 neminem

350 4908 595 5094 fx
