2946 5356
486 551 558 618 AD
591 549 890 619 LECTOREM.
1205 554 1271 619 xvii

132 736 215 804 narii
228 733 483 802 deobonensis
496 737 678 825 professore.
721 747 745 783 ‘⁶
761 738 875 805 Exstat
888 736 941 803 hic
955 737 1058 804 codex
1071 740 1268 806 membrana-

136 859 161 894 “
176 871 247 914 oeus
270 849 305 913 in
329 847 517 915 bibliothecd
542 850 686 916 Caesarei
716 850 966 929 vindobonensi,
996 862 1028 915 et
1064 853 1157 917 seculi
1182 852 1267 918 MD.

134 970 158 1006 ‘⁶
172 958 325 1050 scripturi
346 962 426 1027 nitet
440 960 566 1048 quidem
581 963 819 1052 elegantissimi,
842 963 897 1029 sed
911 963 1016 1028 multis
1038 964 1117 1029 adeo
1132 965 1213 1029 vitiis
1223 965 1267 1030 fe·

131 1083 155 1120 ‘⁶
170 1074 256 1154 data,
271 1086 308 1139 ut
328 1074 363 1138 in
377 1073 461 1139 calce
474 1075 577 1161 operis
591 1076 718 1165 longam
733 1077 805 1141 satis
819 1076 967 1141 vitiorum
988 1077 1099 1141 seriem
1113 1077 1151 1140 iis
1164 1075 1267 1141 bomi-

130 1195 155 1232 “
168 1187 262 1253 nibus
275 1186 490 1276 adjungerem,
506 1187 560 1272 qui
571 1187 716 1254 codicum
725 1188 825 1255 MSS.
837 1187 919 1254 vitiis
928 1188 1086 1269 delectari,
1102 1189 1204 1255 verius
1218 1189 1267 1254 di·

130 1306 156 1342 “
170 1321 252 1379 cam,
267 1299 394 1387 nugari,
410 1302 668 1366 consueverunt.”
1252 1305 1254 1309 ’

171 1522 297 1591 Scilicet
309 1523 472 1589 interillos
486 1537 666 1615 nugatores,
682 1526 736 1614 qui
751 1527 936 1613 scripturam
950 1526 1134 1611 ipsissimam
1153 1528 1265 1592 vetusti

127 1634 254 1714 codicis,
270 1635 334 1699 sive
348 1636 468 1701 sincera
482 1637 532 1716 sit,
549 1639 612 1702 siva
633 1638 761 1702 demum
776 1639 896 1717 vitiosa,
912 1637 1045 1702 fideliter
1059 1650 1263 1724 repraesenta·

128 1758 192 1813 tam
206 1747 314 1824 velint,
330 1759 455 1834 egomet
468 1748 561 1812 nimis
575 1749 667 1813 velim
682 1771 798 1813 nomen
812 1748 954 1834 profiteri
968 1772 1086 1814 meum:
1103 1762 1135 1814 et
1148 1751 1264 1838 gratias

128 1881 187 1948 ago
200 1857 333 1923 libenter
346 1860 510 1938 maximas,
526 1860 700 1947 habeoque,
716 1858 790 1924 huic
804 1863 958 1946 nugatori,
974 1861 1060 1948 quod
1068 1865 1145 1926 vitia
1159 1863 1266 1948 hujus-

125 1993 161 2038 ce
174 1970 291 2035 oodicis
305 1972 474 2049 notaverit3
498 1993 596 2058 quum
610 1972 762 2060 genuinas
777 1971 909 2036 aliorum
930 1971 1082 2038 librorum
1103 1975 1263 2055 lectiones,

125 2096 219 2172 atque
235 2080 432 2149 hauddubie
446 2084 662 2164 Lucretianas‚
678 2083 859 2171 saepiuscule
873 2084 1070 2150 confirment.
1117 2087 1263 2167 Utinam,

127 2196 219 2276 “lm
231 2200 330 2270 W!
351 2219 478 2263 somnus
497 2197 566 2276 tibi,
581 2211 673 2263 tuum
686 2219 801 2262 munus
816 2199 1007 2284 exsequenti,
1023 2221 1089 2263 non
1103 2198 1265 2286 aliquoties

125 2314 340 2400 snbrqrsisset3
356 2333 415 2376 nec
428 2312 657 2376 commentitias
671 2311 880 2376 recentiorum
891 2311 1129 2376 emendatorum
1144 2311 1264 2377 divina-

125 2427 226 2491 tioues
238 2425 310 2489 looo
318 2426 458 2488 vitiorum
471 2423 593 2499 codicis,
605 2422 639 2484 in
650 2433 800 2485 contextu
811 2421 943 2485 nimium
957 2422 1090 2487 nimium
1104 2422 1265 2511 negligen-

125 2549 184 2616 ter,
206 2538 255 2602 uti
276 2536 476 2601 vehementer
496 2534 647 2620 suspicor,
670 2532 854 2618 reliquisses:
878 2531 964 2620 quod
985 2555 1059 2598 sane
1080 2545 1112 2598 te
1133 2533 1266 2600 subinde

126 2648 264 2738 quidem,
280 2647 421 2735 quamvis
436 2644 612 2711 inconsulto
625 2641 768 2723 forsitan,
787 2642 904 2722 fecisse,
921 2642 999 2707 mihi
1014 2656 1060 2709 est
1073 2645 1107 2709 in
1122 2646 1264 2713 omnium

127 2761 220 2852 longe
232 2758 481 2848 persuasissimis.

334 2936 426 2992 Unum
438 2933 491 2989 hoc
502 2947 631 2998 maceror,
642 2941 670 2986 et
682 2928 763 2986 doleo
776 2928 833 2998 tibi,
842 2928 955 2986 Carole!
970 2930 1073 2989 deesse.

170 3093 262 3160 Idem
276 3092 380 3179 editor
393 3112 459 3156 non
473 3101 520 3155 est
533 3090 628 3155 etiam
642 3088 829 3176 dedignatus
844 3087 1019 3152 adscribere
1033 3088 1149 3153 codicis
1164 3090 1267 3155 alteri-

130 3229 163 3272 us
173 3209 263 3286 oitia,
273 3215 442 3294 nugatores
452 3203 575 3266 criticos
589 3222 630 3265 ex
642 3199 822 3264 abundante
833 3198 985 3262 demereri
997 3201 1138 3286 cupidus.
1185 3201 1266 3266 Hic·

130 3341 165 3385 oe
177 3318 291 3395 codex,
307 3317 341 3380 in
363 3314 473 3380 eidem
485 3310 673 3378 bibliothecis
700 3310 863 3396 repositus,
886 3312 1026 3376 continet
1053 3322 1076 3355 ‘⁶
1092 3312 1268 3402 fragmenta

131 3439 154 3474 “
168 3429 309 3496 Lucretii
324 3449 366 3492 ex
380 3426 477 3504 libris,
492 3425 525 3488 ii.
536 3424 579 3487 iii.
596 3434 628 3487 et
641 3423 681 3486 ri.
697 3445 717 3486 a
730 3443 794 3486 ver.
807 3424 880 3486 743.
896 3445 993 3510 usque
1007 3423 1048 3488 ad
1063 3423 1173 3503 finem;
1189 3437 1222 3489 et
1232 3425 1266 3488 in

131 3550 160 3626 ‘fi
168 3541 325 3629 principio
339 3538 433 3605 seculi
447 3538 511 3602 xiv.
526 3548 672 3602 exaratus
686 3534 837 3600 videtur.”

172 3765 211 3830 ln
226 3764 314 3829 brevi
335 3761 446 3827 notitia
467 3760 602 3825 literaria
624 3760 665 3825 de
679 3760 772 3825 variis
786 3759 974 3825 editionibus
996 3759 1149 3842 Lucretii,
1171 3783 1267 3848 quam

130 3876 284 3964 professor
296 3876 359 3955 ille,
382 3875 501 3940 deliciae
515 3885 717 3963 nugatorum,
742 3896 807 3938 suae
821 3873 970 3960 praefixit,
985 3875 1105 3939 mentio
1126 3873 1207 3940 facta
1221 3885 1267 3938 est

129 3990 312 4077 exemplaris
338 3991 373 4054 in
393 3987 581 4054 bibliothecis
608 3987 860 4067 vindobonensi,
888 3988 1020 4052 Venetir's
1043 3987 1185 4073 impressi
1208 4009 1267 4073 per

134 4102 321 4169 Theodorum
343 4104 381 4164 de
395 4099 623 4186 Ragozonibos,
646 4120 731 4164 anno
748 4096 1152 4164 M.CCCC.LXXXXV.
1171 4120 1265 4184 quam

130 4213 299 4278 editionem
312 4212 458 4299 equidem
479 4233 642 4297 nunquam
657 4210 732 4277 vidi:
749 4211 804 4276 sed
818 4234 857 4276 eo
867 4211 970 4275 minus
984 4209 1046 4275 hoc
1060 4210 1266 4276 infortunium

131 4324 300 4390 dolendum
314 4336 372 4403 est,
388 4323 473 4411 quod
487 4347 634 4411 expressa
650 4325 690 4389 sit
704 4324 745 4389 ad
760 4324 929 4390 editionem
944 4323 1169 4402 veronensem,
1180 4321 1266 4410 judi·

131 4457 167 4502 ce
177 4437 348 4524 professore
362 4447 485 4513 nostr0;
509 4457 606 4522 quum
630 4442 653 4478 ‘⁶
668 4435 773 4501 multis
786 4436 821 4501 in
835 4434 922 4517 locis,
937 4448 1031 4524 atque
1044 4434 1123 4502 adeo
1133 4436 1167 4499 in
1181 4432 1264 4500 lacu·

129 4556 157 4590 “
171 4549 232 4627 nis,
248 4570 320 4613 cum
335 4547 386 4614 illi
402 4559 513 4615 exacte
526 4548 719 4616 couveniat”

219 4658 303 4726 Ver„
328 4657 355 4724 Ι.
694 4658 717 4722 b
