2864 5334
547 624 892 694 ARGUMENTA.
1175 628 1281 693 mix
1354 638 1357 643 '

366 1035 438 1118 IN
475 1030 740 1118 LIBRUM
780 1031 1058 1118 SEXTUM.

174 1345 324 1417 PRIMI
338 1346 467 1436 triginta
481 1357 544 1411 tres
561 1366 668 1410 versus
688 1344 819 1432 hujusce
838 1344 910 1410 libri
925 1345 1100 1424 continent,
1115 1357 1181 1411 tam
1194 1345 1276 1432 ipsa·

135 1484 203 1530 rum
218 1459 435 1538 Athenamm,
445 1480 540 1545 quem
551 1458 682 1544 Epicuri
697 1457 910 1537 Atheniensis,
922 1457 1038 1523 laudes.
1075 1458 1222 1544 Sequitur
1235 1457 1277 1522 ad

136 1597 196 1640 ver.
212 1580 268 1638 95.
293 1571 419 1660 qualem
447 1571 488 1637 ab
513 1571 671 1657 Epicureo
696 1568 885 1657 philosopho
904 1582 1077 1657 exspectes,
1101 1571 1278 1659 argumenti

136 1684 224 1773 hujus
238 1684 314 1749 libri
329 1683 507 1770 explicatio:
531 1695 562 1748 et
583 1684 623 1748 de
637 1685 784 1748 meteoris
805 1684 930 1749 dicturo
943 1684 1084 1769 primum
1106 1693 1277 1747 occummt

138 1798 282 1876 tonitrus,
297 1794 416 1884 firlgur,
438 1794 570 1875 linimen,
594 1796 635 1860 de
656 1795 770 1882 quibus
791 1796 957 1885 diligenter
978 1795 1130 1881 disputet:
1165 1805 1198 1859 et
1222 1793 1277 1858 de·

138 1930 222 1973 mum
237 1909 315 1973 istos
330 1906 462 1986 deridet,
479 1908 545 1994 qui,
567 1904 715 1995 neglectis
737 1908 853 1972 caussis
874 1908 1080 1985 naturalibus,
1103 1908 1207 1992 ipsum
1220 1904 1278 1970 Jo-

138 2041 204 2084 vem
218 2016 493 2104 fidminajaculsri
508 2017 702 2097 existimant,
725 2018 767 2083 ad
781 2041 844 2083 ver.
861 2026 935 2082 491.
980 2018 1045 2084 His
1067 2017 1277 2106 subjungitur,

142 2135 224 2217 (nam
237 2141 362 2217 prester
375 2127 497 2194 fulmini
511 2128 625 2212 affinis)
641 2151 732 2194 aver.
743 2136 817 2195 488.
833 2129 978 2216 presteris
985 2130 1088 2195 brevis
1099 2129 1276 2216 explicatio.

141 2241 278 2321 Deinde,
296 2263 394 2306 ever.
411 2247 486 2304 450.
501 2240 543 2304 ad
566 2263 632 2306 ver.
659 2247 732 2305 589.
758 2241 857 2307 mults
879 2242 920 2306 de
938 2242 1074 2307 nubibus
1102 2253 1135 2307 et
1158 2240 1277 2328 pluvid3

141 2377 238 2441 pauca
252 2354 294 2419 de
309 2353 401 2431 iride,
417 2353 458 2417 de
472 2354 556 2432 nive,
571 2365 679 2432 vento,
690 2353 857 2442 grandine,
872 2352 998 2439 pruinis,
1020 2366 1053 2419 et
1061 2353 1149 2442 gelu,
1172 2353 1279 2440 dispu-

141 2478 191 2531 tat
237 2467 273 2532 Si
287 2476 383 2530 terrae
396 2463 503 2529 motds
516 2487 638 2530 caussas
653 2465 727 2530 velis
739 2479 941 2554 cognoscere,
957 2488 977 2530 s
991 2487 1055 2531 ver.
1068 2473 1141 2530 542.
1157 2466 1199 2530 ad
1213 2488 1276 2532 ver.

141 2584 209 2642 606.
228 2577 328 2642 babes
345 2575 412 2642 fuse
425 2576 603 2663 explicatas.
647 2576 680 2641 A
701 2600 765 2642 ver.
788 2584 863 2641 606.
885 2577 928 2642 nd
950 2599 1014 2642 ver.
1038 2585 1112 2641 688.
1133 2577 1176 2643 de
1196 2580 1277 2643 msri

141 2692 228 2776 po'e'ts
241 2688 380 2754 disserit:
400 2688 531 2753 indeed
552 2710 616 2753 ver.
640 2692 713 2753 710.
736 2689 777 2753 de
797 2688 911 2754 AEtnfi.
943 2690 1123 2777 Sequentia,
1148 2690 1190 2755 ad
1212 2713 1277 2757 ver.

145 2803 213 2866 788.
259 2801 336 2866 Nilo
347 2800 552 2866 destinantur.
597 2800 736 2880 Deinde,
753 2824 850 2866 aver.
863 2805 936 2865 738.
951 2801 993 2867 ad
1007 2825 1071 2866 ver.
1087 2810 1161 2866 840.
1176 2802 1217 2867 de
1232 2803 1279 2867 A·

144 2914 250 2991 vernis,
260 2912 390 3000 aliisque
398 2924 493 2977 terrae
507 2912 668 2992 tractibus,
683 2914 737 3000 qui
747 2926 819 2978 sunt
833 2913 1024 2991 hominibus,
1040 2914 1149 2990 cervis,
1165 2915 1279 2992 corvis,

145 3025 236 3112 equis,
252 3037 285 3090 et
300 3024 378 3104 aliis,
393 3025 494 3104 noxii,
510 3026 696 3112 disputatiu.
730 3025 870 3104 Deinde,
879 3050 899 3091 e
909 3047 973 3090 ver.
986 3033 1059 3088 840.
1075 3024 1116 3089 ad
1131 3047 1194 3088 ver.
1204 3032 1279 3089 905.

144 3134 180 3200 de
198 3137 313 3222 puteis,
329 3138 483 3224 variisque
497 3137 690 3203 admirandis
704 3137 854 3215 fontibus,
873 3138 940 3225 agit
953 3135 1155 3222 periucunde.
1201 3135 1280 3200 Pos-

146 3257 201 3327 tea,
216 3271 236 3313 s
249 3270 315 3313 ver.
331 3255 406 3312 905.
421 3248 463 3313 ad
477 3271 540 3314 ver.
561 3253 654 3314 1087.
693 3249 829 3337 Magnes
843 3249 921 3334 lapis
935 3247 1168 3336 diligentissime
1182 3247 1280 3334 expli·

148 3371 236 3424 estur.
275 3359 452 3438 Postremo,
469 3383 567 3447 usque
581 3360 622 3424 nd
636 3360 707 3425 libri
723 3360 833 3440 finem,
849 3360 889 3424 de
910 3359 1028 3423 morbis
1042 3372 1073 3424 et
1094 3371 1181 3445 peste
1194 3382 1281 3446 quae·

147 3468 214 3534 dam
227 3470 361 3549 disserit,
387 3472 501 3558 quibus
516 3472 675 3561 subjungit
690 3472 864 3560 elegantem
886 3483 980 3558 atque
999 3471 1191 3536 uberrimam
1206 3494 1281 3537 sane

147 3579 393 3668 descriptionem,
421 3606 481 3648 nec
502 3583 606 3648 minus
629 3584 782 3649 eruditam
798 3596 830 3648 et
844 3597 1021 3649 securatam
1044 3595 1162 3663 temen,
1184 3585 1279 3672 pestis

146 3691 229 3772 iliis,
245 3716 318 3782 quos
332 3704 474 3781 tempore
495 3694 567 3760 belli
583 3694 839 3782 Peloponnesiaci
855 3695 997 3764 Athenas
1019 3720 1114 3785 opere
1136 3697 1279 3764 maximo

148 3805 282 3886 vastavit,
298 3829 317 3874 e
331 3805 529 3896 'Ibucydidis
543 3806 674 3875 bistorid
688 3808 893 3897 desumptam.
