2864 5334
263 1090 737 1197 TESTIMONIA
786 1093 1160 1202 VETERUM

444 1471 535 1559 DE
591 1470 974 1558 LUCRETIO.

624 1850 812 1911 ..a-'-

521 2194 577 2272 M.
606 2195 653 2273 Τ.
682 2195 895 2290 CICERO,

377 2409 428 2483 In
443 2407 597 2507 epistolis
612 2412 664 2486 ad
679 2411 723 2495 Q.
741 2412 921 2503 Fratrem,
937 2409 975 2485 ii.
997 2422 1054 2486 11.

144 2627 392 2728 annesn
405 2661 562 2747 po’e'msts,
585 2675 621 2729 ut
635 2663 754 2748 sens,
776 2664 822 2729 m
835 2676 908 2731 suns
921 2662 1026 2731 mum
1046 2661 1216 2730 mmmmm
1229 2664 1280 2731 in.

144 2787 239 2877 genii;
262 2784 375 2850 multae
389 2795 494 2851 tamen
509 2786 593 2852 artis.

177 2989 253 3055 Sunt,
269 2986 318 3060 qui
337 2985 486 3058 negationis
503 2986 659 3060 particulam
671 3007 722 3046 son
732 2999 795 3063 post
811 2991 899 3046 scribis
910 2986 1039 3055 inserunt,
1057 2986 1215 3058 singularem
1232 3005 1281 3060 per

147 3082 289 3150 audaciam,
302 3089 403 3138 contra
411 3080 537 3137 librorum
549 3083 708 3156 scriptorum
720 3084 813 3141 fidu:
834 3085 927 3140 edde-
940 3082 1022 3156 operd
1033 3081 1171 3138 Ciceronis
1176 3081 1281 3153 judicio

145 3177 338 3234 asebissimm
349 3175 473 3248 injuriam
485 3175 622 3246 facientes,
633 3189 661 3234 et
673 3178 809 3250 ingenium
821 3178 941 3233 Lucretii
961 3176 1139 3249 deprimentes
1150 3175 1282 3248 malignis·

146 3271 215 3329 sime.
250 3268 395 3336 Nimirum,
412 3270 533 3342 opinioni
548 3271 620 3328 iuter
631 3272 740 3328 criticos
750 3281 867 3344 recepte
881 3270 1069 3327 disertissimus
1086 3279 1184 3342 togata
1193 3270 1281 3341 gentis

145 3368 238 3424 neims
260 3363 392 3430 occurrit3
418 3381 479 3437 qum
489 3364 604 3435 volebat,
614 3367 714 3440 ingenii
724 3367 777 3422 vim
790 3375 818 3421 et
830 3366 970 3422 artificium
996 3364 1128 3422 scribendi
1140 3365 1169 3420 in
1184 3364 1280 3422 eodem

144 3459 249 3520 minine
259 3457 396 3517 nrissime
408 3460 564 3517 consociari.
599 3461 670 3518 Hine
681 3463 782 3535 pendet
791 3461 912 3530 Ovidius,
922 3461 990 3519 trist.
1001 3461 1029 3517 ii.
1041 3470 1103 3520 424.

345 3626 348 3631 ’
452 3642 676 3718 nnnsusngesso
687 3647 884 3716 naamam
895 3647 973 3702 msa.

180 3827 231 3884 Sed
239 3844 328 3902 neque
339 3826 521 3884 pottissimum
532 3836 561 3882 et
569 3827 790 3900 elegantissimam
802 3828 953 3902 Tanaquilli
961 3828 1038 3885 Fabri
1050 3829 1238 3902 conjecturam,
1245 3828 1277 3883 li·

145 3928 179 3990 ta,
188 3922 245 3978 vice
256 3926 303 3991 ita,
321 3932 424 3978 temere
436 3932 532 3977 eontm
543 3921 649 3980 codices
662 3922 786 3997 equidem
798 3924 955 3998 receperim:
974 3941 1036 3979 nam
1045 3923 1151 3996 vidgata
1162 3933 1225 3980 sunt
1236 3940 1280 3979 ee·

146 4027 234 4074 sumes
244 4017 363 4091 propria,
374 4026 403 4073 et
415 4034 548 4074 connexa.

178 4201 240 4259 Non
255 4202 346 4259 minus
356 4201 438 4274 igitur
449 4200 587 4258 Ciceronis
599 4201 690 4274 ipsine,
702 4221 782 4277 quam
794 4203 881 4260 Marci
891 4203 991 4272 fratris,
1001 4201 1161 4259 sententiam
1177 4199 1280 4256 fenora·

149 4293 226 4352 bilem
244 4297 384 4365 habemus,
400 4307 458 4354 tum
470 4296 506 4352 de
523 4296 619 4352 nativis
631 4297 665 4352 ad
683 4297 883 4354 illuminandam
900 4297 994 4372 po'esin
1011 4296 1165 4353 Lucretiani
1181 4294 1280 4366 ingenii

149 4390 295 4465 mmmm
313 4404 373 4451 tum
391 4392 426 4449 de
436 4391 532 4465 magni
549 4391 655 4453 solertis
675 4393 779 4453 artificii
790 4393 928 4467 pollentii,
945 4392 1072 4467 cultuque
1089 4389 1195 4449 dicendi
1206 4388 1281 4443 dms-

147 4484 221 4545 tiore.
