2864 5334
443 976 538 1062 AD
597 973 1038 1063 LECTOREM.

653 1279 816 1310 ⁴-

168 1503 423 1612 Dsnmuu,
447 1533 523 1600 aaa
544 1532 660 1602 necor
681 1547 714 1603 a
738 1535 878 1602 emus!
905 1534 1166 1603 Lucanorum
1189 1540 1301 1604 cums

164 1670 252 1726 num,
269 1645 354 1711 euris
375 1644 452 1711 meis
473 1646 696 1733 expolitorum,
719 1659 824 1735 atque,
841 1648 936 1734 justae
957 1648 1145 1713 recensionis
1163 1672 1236 1736 ope,
1258 1650 1300 1715 ad

162 1759 330 1846 pristinum
345 1757 464 1823 cultrnn
486 1759 695 1848 nitoremque,
717 1760 753 1824 in
773 1771 926 1847 quantum
947 1782 1005 1846 per
1026 1761 1157 1847 scriptos
1178 1761 1301 1827 codioes

161 1885 253 1959 atque
266 1870 517 1936 mediocritatem
531 1873 706 1961 sagacitatis
731 1895 811 1937 mese
825 1884 857 1938 et
878 1872 1031 1937 doetrinoe
1052 1870 1185 1953 licuerit,
1200 1872 1298 1938 refor-

162 1996 332 2060 matorum,
356 1982 478 2047 dudum
499 1985 707 2070 promissione
727 1996 916 2071 susceptum,
939 1985 1068 2050 tandem
1089 1985 1159 2066 tibi,
1174 1985 1230 2051 sed
1251 2008 1299 2052 se·

162 2096 224 2161 rius
238 2094 433 2182 aliquantulo
447 2116 542 2181 quam
563 2095 686 2175 vellem,
702 2118 757 2182 spe
776 2096 930 2182 trepidus,
945 2108 989 2175 et,
1005 2097 1031 2162 si
1052 2098 1123 2184 quis
1144 2119 1296 2185 unquam,

161 2205 304 2272 diffidens
325 2206 401 2284 mei,
425 2220 624 2292 repraesento.
671 2208 724 2273 Sic
753 2207 894 2295 profecto
924 2231 957 2273 se
989 2231 1038 2273 res
1059 2208 1165 2274 habet:
1197 2231 1296 2296 quum

160 2319 301 2384 animum
315 2317 357 2384 ad
370 2317 430 2382 has
442 2317 679 2403 pretiosissimas
694 2318 881 2385 Latinarum
902 2319 1062 2384 literarum
1082 2320 1227 2407 reliquias
1241 2341 1296 2385 ex-

161 2431 318 2496 omandas
332 2429 478 2516 primitus
497 2429 686 2516 adjecism
706 2430 857 2516 jucundae
870 2433 970 2520 magis
981 2431 1190 2509 relaxationis,
1200 2453 1297 2518 quarn

160 2543 332 2631 negotiosae
346 2541 461 2606 virium
486 2542 707 2620 contentionis,
734 2542 813 2607 mihi
838 2565 953 2608 munus
971 2543 1140 2629 spondens,
1155 2565 1221 2607 non
1236 2542 1296 2608 nisi

161 2653 202 2719 de
223 2654 368 2719 breviore
399 2655 626 2719 commentario
650 2654 840 2742 cogitabam:
853 2667 973 2741 ,postea
994 2667 1112 2733 tamem
1135 2655 1238 2740 operis
1257 2654 1296 2718 li·

161 2766 245 2830 mine
267 2765 324 2831 vix
346 2765 437 2843 inito,
459 2764 545 2831 hune
566 2779 598 2831 et
623 2766 848 2853 amplissimum
868 2766 1103 2854 philosophum,
1126 2780 1158 2832 et
1177 2766 1296 2856 gravis-

159 2878 274 2942 simum
295 2879 435 2963 poetam,
457 2876 545 2942 tanti
566 2880 852 2944 commentitiorum
872 2878 1042 2944 lectionum
1063 2878 1190 2943 feditate
1203 2878 1296 2943 deve·

162 3000 321 3055 nustatum
342 2988 546 3076 deprehendi,
573 2989 610 3055 ed
632 2991 799 3057 adulterini
827 2991 1022 3056 scabitudine
1050 2990 1201 3055 sermonis
1215 2987 1296 3053 mul·

162 3101 201 3165 tis
223 3100 265 3165 de
279 3099 392 3165 caussis
414 3101 632 3180 incrustatum,
650 3115 687 3167 ut
710 3102 916 3178 occasionem,
939 3100 1026 3165 haud
1038 3101 1198 3165 instrenue
1219 3100 1294 3164 obe·

163 3210 295 3288 undam,
319 3211 373 3277 sed
396 3212 489 3297 plane
511 3212 726 3301 dignissimam
749 3212 828 3276 mihi
851 3210 980 3276 videbar
1003 3222 1124 3286 uacua,
1146 3211 1181 3275 in
1198 3233 1295 3298 quam

77 3350 81 3359 ·
160 3321 320 3388 facsdtstes
333 3344 442 3388 omnes
455 3324 695 3412 qualescunque,
711 3336 780 3389 tum
795 3322 980 3388 eruditionis
989 3334 1062 3387 'tum
1084 3323 1202 3411 ingenii
1216 3323 1291 3400 mei,

160 3434 382 3500 studiosissime
402 3434 600 3514 collocarem,
624 3435 724 3501 nullos
749 3435 870 3501 labores
893 3434 1097 3525 delirgiendos
1120 3457 1196 3514 esse,
1223 3434 1294 3500 nul-

160 3546 222 3611 lom
235 3568 302 3610 non
315 3545 449 3612 libenter
462 3546 651 3612 efferendam
665 3571 730 3613 esse
744 3546 985 3625 solicitudinem,
1001 3569 1126 3612 mecum
1140 3559 1289 3627 statuens,

160 3659 185 3722 si
199 3658 297 3723 modo
310 3656 429 3723 fruetus
442 3658 516 3723 inde
530 3659 640 3746 aliquis
653 3660 744 3725 bonis
758 3661 853 3725 literis
874 3659 956 3724 forte
976 3658 1102 3724 fortuni
1117 3660 1291 3745 provenire

159 3782 271 3854 posset.
316 3768 463 3835 Tandem
478 3794 563 3850 vero,
588 3794 623 3836 re
644 3773 800 3861 gradatim
822 3772 1023 3859 procedente,
1050 3795 1087 3836 ac
1104 3772 1234 3837 material
1257 3794 1292 3837 se

159 3881 260 3960 latius,
291 3893 329 3946 ut
353 3880 403 3960 fit,
436 3882 470 3946 in
499 3905 607 3947 omnes
632 3896 736 3970 partes
764 3885 935 3971 aperiente,
960 3906 1033 3949 cum
1058 3894 1107 3948 tot
1134 3884 1290 3970 tantisque

85 4066 95 4077 .
158 3992 392 4058 difficultatibus
406 3993 484 4057 mihi
499 4017 564 4059 esse
585 3995 829 4060 conflictandsun
849 3994 925 4072 vidi,
941 4008 1007 4061 tam
1027 4007 1158 4081 propter
1178 3994 1290 4059 moles-

158 4106 217 4170 tias
229 4105 320 4190 operi
335 4115 425 4170 tanto
438 4108 593 4193 proprias,
609 4129 705 4194 quam
719 4107 961 4173 innumerabiles
975 4107 1160 4172 adventitias
1171 4128 1213 4170 ex
1223 4106 1289 4170 edi·

156 4229 263 4281 torum
271 4217 420 4303 ⁴priorum
431 4219 480 4283 vel
494 4218 648 4298 socordis,
664 4220 713 4284 vel
726 4220 859 4299 inscitid,
884 4221 933 4285 vel
955 4219 1129 4286 temeritate
1142 4218 1290 4303 denique,

157 4335 219 4412 ὅτις
230 4355 306 4411 pugo
330 4330 514 4425 cumulatas,
537 4343 573 4396 ut
586 4331 627 4395 de
640 4331 770 4397 conatus
784 4334 847 4397 mei
864 4355 1017 4410 successu,
1033 4329 1180 4395 adhibitis
1194 4329 1288 4392 etiam

159 4442 262 4511 studio
275 4442 508 4529 improbissimo
521 4456 554 4511 et
566 4444 728 4512 sedulitate
741 4444 961 4524 meracissimi,
971 4444 1066 4532 plane
1076 4441 1287 4526 desperarem
