2946 5356
636 1180 907 1299 ¹tucrom

411 1506 723 1593 nuruscu
761 1505 1149 1611 un1u10u1s,

765 1843 801 1915 S.

654 2169 910 2194 §mmm

265 2425 361 2503 Qum
374 2424 408 2489 in
422 2422 482 2488 hac
496 2421 537 2488 T.
553 2420 720 2486 Lucunrn
737 2417 824 2483 Csru
839 2418 975 2487 editione
988 2422 1228 2509 expectandum,
1243 2428 1349 2512 paucis

218 2562 353 2649 decipiat
367 2560 484 2626 Lector
497 2558 645 2625 eruditus.

279 2832 389 2900 Poetae
428 2832 560 2911 Textus,
598 2833 652 2919 qui
691 2843 831 2911 vocatur,
874 2854 914 2897 ex
952 2832 1145 2898 Recensione
1182 2836 1351 2902 Grunnnrr

221 2969 451 3047 errnun,
482 2969 523 3033 A.
549 2967 588 3032 Β.
617 2980 871 3054 repraesentatum
907 2980 1003 3053 prout
1030 2968 1155 3046 scilicet,
1185 2971 1262 3053 ipse,
1293 2970 1353 3035 Vir

220 3104 333 3170 doctus
359 3118 390 3171 et
417 3116 538 3183 scutris,
567 3116 661 3190 atque
689 3103 873 3188 supellectile
909 3125 975 3167 non
1004 3104 1101 3181 tenui,
1131 3104 1173 3168 ad
1202 3105 1353 3191 ejusmodi

222 3261 338 3305 munus
358 3239 566 3328 iungendum,
594 3240 773 3317 instructus,
789 3237 898 3317 edidit,
925 3237 1026 3303 forma
1046 3239 1175 3324 majore,
1199 3240 1352 3322 Londini,

222 3375 323 3442 Anno
337 3372 699 3442 MDCCXCVI.-Vll.
784 3412 788 3417 ·

268 3646 336 3712 Viri
359 3648 444 3713 docti
469 3646 606 3734 ejusdem
631 3646 847 3724 Praefutiones,
879 3645 1087 3734 Argumenta,
1118 3645 1229 3724 Notus,
1255 3645 1353 3711 Com-

221 3785 391 3849 mentarios
411 3795 589 3870 perpetuos,
615 3781 750 3861 ludices,
775 3793 899 3861 caetera,
923 3781 957 3845 id
983 3804 1094 3870 genus,
1116 3783 1224 3847 omnin
1244 3781 1355 3869 quibus

222 3919 393 3986 editionem
418 3942 507 3985 susm
529 3919 640 3985 ditavit
661 3930 692 3983 et
712 3918 871 3997 instruxit,
893 3919 1021 4007 ingenio
1043 3919 1108 4004 ejus
1129 3930 1222 4005 atque
1246 3917 1354 3983 indus·

221 4056 292 4119 triae
305 4070 433 4143 accepta
445 4058 533 4144 grute'
546 4054 724 4134 referentes,
747 4054 782 4120 in
796 4053 878 4121 hauc
892 4066 1031 4119 nostram
1044 4053 1266 4120 transtulimus.

266 4328 422 4414 Synopsin
443 4340 595 4414 praeteres
614 4327 814 4416 singularem,
838 4326 1042 4415 eundemque,
1065 4339 1101 4393 ut
1114 4325 1205 4394 nobis
1218 4327 1353 4405 videtur,
1429 4373 1437 4389 .

220 4464 425 4543 utilissimam,
448 4463 588 4529 Lucretii
607 4464 810 4529 vetustiorum
830 4477 963 4550 quatuor
988 4464 1173 4545 editionum,
1195 4465 1228 4527 in
1243 4463 1355 4549 quibus

225 4590 635 4685 Pnucms,'1‹“smsum‚
673 4622 745 4668 cum
776 4598 928 4668 Editione
959 4601 1130 4687 Bipontinu
1157 4599 1271 4685 prims,
1300 4622 1358 4686 per

750 4716 769 4754 θ
783 4727 830 4780 ag
