2864 5334
151 404 206 471 xiv
518 397 590 464 AI)
623 395 925 465 LECTOREM.

148 582 664 674 excipmdeqntmoxdioaur.
697 582 1282 674 Nihiligimundmmpumnisi

147 695 754 787 ummnuss‘mdwiuvenovis
777 696 1141 784 armaturam
1168 699 1282 788 qaam

148 808 1282 902 mmddmmmacvalhwipcemetadhocmuummequen·

14 986 17 991 .
147 921 1282 1014 dum‚grsveprofecto,diffinle,etoerumnosumlacoederenonex·

189 1259 646 1347 Jamdeomrfereannilapn'
668 1272 813 1339 sunt,ex
833 1281 898 1349 φο
923 1258 1021 1326 Fabri
1042 1258 1228 1327 Lucretium
1249 1283 1284 1328 e·

145 1376 271 1454 merim,
290 1372 552 1460 iormoequartoe,
574 1395 673 1461 quum
694 1372 883 1440 bibliotheca
903 1374 1205 1453 Ricards'Bentleii,
1229 1375 1284 1462 qui

146 1487 262 1553 cummi
276 1484 414 1551 Bentleii
422 1484 617 1551 voluntatem
626 1486 892 1551 testamentariam
901 1498 1068 1551 exsecutus
1080 1496 1138 1564 est,
1148 1498 1180 1551 et
1194 1509 1285 1575 mag-

144 1600 188 1666 ni
202 1622 243 1666 ex
255 1609 346 1686 parte
358 1597 513 1663 lituorum
528 1596 745 1664 haereditatem
759 1598 849 1679 adiit,
873 1599 1019 1664 auctione
1036 1597 1160 1685 publici
1174 1598 1284 1663 diven-

143 1712 280 1778 deretur.
312 1709 459 1794 Hujuace
472 1711 659 1796 exemplaris
672 1712 786 1799 primae
795 1711 930 1802 plagulre
944 1711 1139 1777 notationnn
1152 1731 1285 1798 sequen·

146 1835 211 1889 tem
224 1821 330 1887 nescio
343 1820 413 1907 quis
425 1820 576 1906 prefixit:

190 2052 216 2086 “
231 2042 300 2108 Hic
312 2042 392 2107 luber
412 2053 459 2107 est
473 2042 608 2106 aicardi
622 2041 735 2105 Mead:
757 2053 844 2107 notre
865 2063 940 2106 vero
955 2041 1056 2107 MSS.
1079 2044 1113 2107 in
1128 2047 1284 2134 margine,

147 2164 173 2202 ‘⁴
186 2155 383 2242 mntmsgni
398 2154 479 2219 illius
493 2153 593 2219 critici
617 2153 767 2220 R1csnn1
790 2153 970 2234 Bactrum,
993 2175 1036 2219 ex
1057 2154 1154 2241 ipsius
1176 2156 1286 2223 codice

147 2277 172 2313 sc
186 2266 388 2353 mel-imp

190 2491 250 2556 Vir
263 2510 397 2579 maguus
410 2488 572 2569 nimirum,
587 2487 670 2554 inter
682 2510 800 2575 paucos
813 2487 968 2555 doctrine
981 2489 1080 2575 copiis
1100 2490 1283 2571 manardus,

146 2602 201 2669 sed
215 2603 385 2691 sagacitate
398 2599 572 2680 subtiliore,
587 2611 619 2665 et
632 2600 802 2665 acutissimi
823 2599 942 2688 ingenii
951 2599 1190 2682 'velocitatibuc
1205 2624 1284 2689 quo·

145 2713 221 2781 dam
231 2713 328 2778 modo
336 2712 411 2791 stris,
422 2711 604 2778 criticomm
614 2711 769 2789 omnium,
779 2732 831 2774 me
836 2709 955 2796 judice,
970 2710 1283 2795 praecellentissimus,

146 2825 312 2915 diligenter
332 2835 507 2889 versaverat
529 2822 729 2902 Lucretium
766 2823 823 2887 aed
842 2844 946 2909 neque
966 2821 1062 2887 libros
1083 2845 1180 2888 manu
1209 2846 1284 2890 exa·

146 2952 244 3019 ratos,
257 2960 361 3026 neque
382 2937 533 3002 vetustius
553 2937 731 3021 impressos,
754 2934 876 3000 nullum
889 2935 1027 3022 deraique
1046 2947 1164 3021 praeter
1183 2957 1285 3001 unum

149 3050 246 3118 Fabri
274 3047 465 3135 exemplare,
498 3045 623 3113 videtur
643 3046 841 3124 adhibuisse3
875 3067 975 3132 quum
997 3046 1110 3131 soepius
1135 3047 1284 3112 imitatio-

146 3186 202 3228 nes
209 3163 351 3249 priorum
359 3163 524 3248 po'e'tarum
535 3160 673 3249 margini
685 3159 833 3237 allevent,
846 3157 1005 3222 Lambino
1018 3168 1051 3222 et
1064 3157 1130 3223 aliis
1138 3159 1208 3245 jam
1223 3158 1283 3224 du·

146 3273 223 3340 dum
238 3286 497 3360 occupatas,cum
508 3274 583 3338 locis
601 3272 787 3360 quibusdam
797 3270 950 3358 Diogenis
962 3269 1081 3334 Lae'rtii
1097 3271 1281 3358 pervagatis.

149 3385 444 3450 Animadversiones
458 3385 575 3471 itaque,
591 3407 668 3472 quas
681 3384 733 3447 ille
747 3383 933 3468 coryphaeus
954 3381 1134 3446 anticorum
1150 3381 1282 3446 subinde

148 3495 306 3582 sparserit,
324 3517 390 3559 non
404 3507 494 3559 eram
508 3495 662 3559 severiore
670 3493 791 3578 judicio
811 3515 986 3579 perpensae,
1002 3492 1182 3558 secundiave
1196 3493 1281 3582 cogi-

147 3605 319 3672 tationibus
332 3617 511 3684 mennam
534 3605 568 3669 in
583 3627 649 3669 uno
662 3617 768 3670 autem
778 3616 872 3693 atque
882 3605 980 3671 altero
989 3605 1060 3670 loco
1070 3628 1128 3691 per
1136 3626 1280 3683 acmnen,

1 3795 3 3800 ,
148 3741 221 3785 vere
243 3717 474 3798 Bentleianum,
497 3718 585 3806 quasi
608 3718 758 3783 divinitus
779 3719 828 3784 vir
852 3741 991 3785 summus
1015 3742 1083 3784 rem
1108 3718 1279 3805 expedivit:

148 3852 220 3918 quoe
234 3852 292 3895 suo
305 3842 448 3916 tempore
467 3831 708 3918 comparebunt3
736 3854 813 3897 nam
833 3854 1097 3918 supervacaneum
1118 3853 1184 3895 esse
1197 3828 1281 3894 arbi·

79 3955 82 3965 '
150 3955 283 4022 namur,
308 3942 468 4006 immorari
490 3942 593 4023 rebus,
616 3943 651 4007 in
672 3945 775 4029 operis
796 3943 930 4011 decursu
950 3945 1074 4010 lectoris
1095 3947 1280 4009 sententiam

53 4071 71 4136 ’Δ
149 4053 308 4121 subituris:
340 4076 435 4140 quam
462 4054 578 4142 ubique
600 4053 757 4120 liberrime
776 4057 817 4121 de
841 4057 954 4121 nostris
980 4056 1119 4120 exerceri
1141 4054 1279 4118 velimus.

150 4165 235 4231 Vero
260 4164 388 4251 quidem
402 4164 501 4230 shnile
514 4177 571 4245 est,
587 4178 678 4231 notas
698 4166 802 4253 plures
818 4168 1017 4233 Bentleianas
1031 4169 1065 4230 in
1083 4165 1278 4240 Lucretium,

148 4289 181 4344 a
202 4275 418 4344 laboriosiore
444 4277 509 4346 illas
528 4290 621 4366 atque
647 4280 868 4369 castigatiores,
892 4282 926 4346 in
952 4280 1096 4346 manibus
1119 4276 1280 4344 adherere

307 4936 622 5167 „fx
