2864 5334
144 441 189 484 xx
508 415 579 483 AD
611 412 912 482 LECTOREM.

143 602 358 670 ostentationis
379 602 506 691 quidem
519 625 638 690 parvae,
661 601 715 667 scd
730 621 883 688 perquam
904 620 1094 678 aerumnam,
1115 609 1148 664 et
1168 599 1276 666 multae

142 715 313 805 diligentiae
327 738 365 780 ac
378 716 553 794 industriae,
568 727 605 781 nt
618 716 755 780 rationes
768 713 834 800 ejus
848 712 890 778 ad
899 712 1053 799 liquidum
1066 712 1278 798 perduceren-

145 841 209 906 tur,
225 840 257 894 et
270 828 375 915 aliquo
388 827 517 893 tandem
530 827 627 892 modo
641 837 822 892 constarent
836 824 906 889 sibi:
928 824 984 889 sed
993 823 1063 889 haec
1071 824 1234 914 diligentia
1246 837 1280 891 ct

144 939 308 1018 industria,
324 941 384 1005 nisi
393 940 491 1005 simile
504 940 666 1029 negotium
680 935 894 1026 fungentibus,
909 957 976 1000 non
990 936 1218 1022 comparebunt
1231 949 1279 1003 ta·

144 1071 228 1117 men.
274 1051 339 1116 Pro
349 1051 452 1118 officio
466 1053 616 1117 nimirum
629 1051 725 1116 habui
740 1050 872 1114 multam
885 1060 918 1113 et
930 1050 1088 1138 ingratam
1102 1072 1233 1136 operam
1245 1051 1281 1114 in

144 1161 205 1228 bac
219 1185 255 1227 re
267 1185 385 1248 ponere
389 1191 400 1242 3
424 1164 491 1243 sed,
506 1165 601 1230 tantis
615 1162 751 1229 tenebris
765 1162 835 1227 hoec
849 1174 917 1227 tota
931 1161 1012 1226 ratic
1023 1161 1163 1227 involuta
1172 1175 1230 1241 cst,
1245 1174 1282 1227 nt

104 1269 108 1279 ’
145 1273 253 1339 malim
267 1273 390 1340 lectoris
412 1276 453 1340 ad
467 1276 694 1364 indulgentiam
716 1274 898 1363 confugere,
920 1295 1016 1361 quam
1030 1295 1194 1339 censuram
1207 1295 1284 1359 pro·

145 1408 266 1469 vocare.
314 1386 448 1463 Quoties
470 1389 524 1453 fax
544 1389 700 1454 librorum
721 1389 910 1475 scriptorum
931 1386 1010 1451 mihi
1031 1386 1226 1472 praeluceret,
1249 1388 1283 1449 in

144 1497 285 1584 plurimis
298 1497 384 1565 haud
399 1501 582 1567 dubitabam
603 1501 702 1588 sequi:
726 1499 780 1565 scd
794 1501 894 1566 multa
915 1511 988 1565 sunt
1001 1498 1106 1564 adhuc
1126 1500 1161 1562 in
1175 1498 1235 1562 hac
1250 1519 1286 1562 re

143 1611 258 1675 rectius
271 1612 503 1690 constimenda3
526 1613 567 1677 de
582 1613 696 1699 quibus
709 1633 782 1676 meo
798 1611 920 1697 judicio
941 1632 1053 1675 manns
1074 1609 1196 1696 trepida
1217 1631 1284 1674 non

143 1745 220 1786 ausa
233 1734 280 1786 est
293 1723 516 1787 obsecundare.
562 1723 673 1798 Quum
680 1745 757 1788 vero
767 1705 954 1787 sententiam
964 1744 1068 1786 meam
1080 1722 1113 1785 in
1125 1743 1285 1787 commcn-

144 1833 230 1897 tariis
245 1855 338 1918 super
351 1833 411 1897 bac
426 1833 636 1919 disputationis
650 1855 866 1917 saepenumero
880 1832 1133 1917 interposuerim,
1149 1854 1215 1897 non
1229 1855 1285 1897 ne·

145 1966 229 2009 cesse
240 1955 298 2021 cst,
313 1942 397 2008 utin
405 1942 468 2008 hoc
481 1943 552 2007 loco
566 1955 689 2027 tempus
702 1954 817 2018 teram;
841 1943 946 2028 itaque
960 1942 1002 2007 ad
1016 1944 1077 2007 alia
1090 1967 1142 2007 mc
1156 1944 1286 2009 transfe-

144 2078 225 2134 ram,
241 2077 314 2120 cum
328 2068 360 2119 te
374 2053 417 2119 ad
430 2053 578 2118 Vossium
592 2051 835 2131 demandarem,
851 2052 891 2116 de
900 2052 961 2116 boc
977 2053 1214 2141 orthographiae
1228 2079 1286 2121 ne·

143 2169 231 2257 gotio
245 2167 321 2232 scite
335 2176 533 2243 statuentem,
547 2165 583 2228 in
597 2176 656 2228 art.
669 2185 805 2252 gramm.
820 2163 842 2228 i.
858 2169 910 2227 48.
921 2164 990 2228 init.
1005 2176 1110 2251 atque,
1125 2178 1222 2251 prout
1235 2169 1285 2232 in-

144 2301 285 2367 genuum
306 2279 408 2343 virum
429 2277 530 2356 decet,
547 2279 782 2353 commonuero,
805 2298 902 2340 unam
916 2288 949 2340 et
963 2276 1091 2341 alteram
1113 2276 1284 2345 dictionem

146 2412 211 2456 esse
224 2391 259 2454 in
272 2389 382 2476 primis
395 2389 527 2478 plagulis
537 2389 638 2468 aliter,
648 2400 741 2475 atque
750 2389 783 2452 in
792 2387 1002 2475 sequentibus,
1019 2390 1180 2454 memoriae
1195 2391 1283 2471 vitio,

110 2523 113 2529 ·
146 2512 321 2578 exaratam
340 2502 482 2587 quamvis
496 2498 646 2565 secundas
660 2512 764 2585 partes
779 2511 887 2587 ageret
896 2498 1057 2586 impendio
1071 2501 1200 2565 viriliter
1213 2524 1286 2588 per·

145 2614 278 2704 diligens
299 2614 456 2700 inspector
477 2632 660 2698 operarum3
683 2611 770 2696 cujus
784 2610 921 2674 acumini
943 2632 1008 2675 non
1023 2613 1148 2700 paginae
1170 2613 1286 2679 solum·

146 2726 255 2806 modo,
271 2725 326 2791 sed
340 2725 619 2791 commentationes
640 2744 732 2802 meae,
748 2724 964 2809 tempestivam
986 2724 1147 2810 aliquoties
1169 2748 1285 2812 expur-

147 2839 308 2927 gationem
332 2837 457 2903 debent.
503 2834 592 2901 Nihil
614 2848 720 2902 autem
743 2835 1003 2900 dissimulandum
1026 2836 1116 2915 duxi,
1142 2840 1284 2922 quamvis

145 2949 199 3014 boe
212 2950 355 3015 minutiae
368 2949 495 3014 narbam
508 2946 660 3037 lectorum
681 2945 884 3033 probabiliter
905 2945 1081 3035 effirgitrrroe
1095 2947 1284 3016 viderentur.

147 3060 299 3128 Libenter
313 3083 447 3148 sperem,
462 3059 633 3147 simplicem
647 3059 732 3126 hunc
746 3081 891 3125 errorum
910 3058 1148 3124 leviusculorum
1164 3062 1285 3133 confes·

147 3175 267 3238 sionem
288 3173 418 3239 editioni
438 3195 518 3238 meac
532 3173 713 3250 convenire3
737 3172 786 3238 rel
799 3173 905 3259 plures
926 3183 958 3237 et
972 3171 1135 3236 crassiores
1156 3173 1284 3239 fortasse

145 3285 311 3351 virtutibus
325 3286 388 3349 suis
402 3284 624 3370 redempturae,
647 3285 708 3348 nisi
722 3284 845 3370 parenti
866 3307 924 3348 suc
938 3283 1072 3349 nimium
1092 3284 1281 3366 blandiatur,

147 3396 226 3460 nihil
240 3398 302 3460 suis
316 3396 433 3461 viribus
446 3397 599 3482 parcenti,
618 3397 701 3462 utin
715 3417 826 3461 manus
846 3394 1013 3461 hominum
1027 3419 1122 3483 quam
1137 3398 1282 3463 emenda·

148 3506 266 3572 tissima
279 3506 408 3571 reniret.

406 3729 454 3786 Nil
466 3729 592 3799 cumulat,
602 3730 741 3806 verbisque
752 3731 818 3787 nihil
829 3730 928 3788 fiducia
936 3733 1020 3789 celate

407 3825 501 3880 Fucati
512 3826 640 3883 sermonis
649 3844 728 3900 opem
739 3845 814 3884 mens
826 3829 933 3885 conscia
950 3828 1036 3884 laudis

407 3919 554 3979 Abnuit-.

192 4127 294 4193 Porro
308 4149 406 4215 quum
421 4128 601 4218 Virgilium,
622 4131 755 4217 poeticae
769 4130 1003 4218 compositionis
1024 4131 1176 4200 artificem
1190 4130 1281 4197 abso·

149 4241 345 4320 lutissimum,
374 4241 540 4307 Lucretius
564 4253 681 4323 noster,
711 4244 839 4333 ingenio
867 4245 1031 4331 poetarum
1063 4245 1281 4310 Romanorum

32 4370 36 4383 ’
148 4355 315 4433 maximus,
339 4352 411 4440 (nisi
425 4351 562 4422 fortassis
583 4355 675 4423 unius
696 4354 740 4423 illi
753 4355 795 4423 de
808 4355 911 4445 parnt
928 4357 1041 4426 merito
1061 4356 1281 4425 contenderint
