2864 5334
178 561 300 627 xxxviii
572 622 576 634 ,
602 553 948 626 ARGUMENTA.

177 746 290 833 quibus
302 744 438 831 probare
451 757 595 824 conatam,
610 743 693 811 banc
706 767 891 835 compagem
905 765 970 809 uon
985 765 1005 808 a
1017 741 1077 808 diis
1091 744 1305 826 constitutam,

177 868 210 922 et
222 856 386 922 mortalem
400 879 474 921 ease.
519 855 561 919 V.
578 855 633 920 Ad
653 879 716 920 var.
738 860 812 921 417.
835 867 969 944 quatuor
991 856 1153 935 elementa,
1176 869 1305 937 11111111,

176 990 303 1055 aquam,
318 970 402 1045 aiira,
418 968 537 1056 ignem,
553 968 697 1055 equibus
707 969 844 1034 mundus
858 979 991 1046 constat,
1014 967 1101 1033 nasci
1115 979 1146 1032 et
1167 968 1308 1049 interire,

175 1091 208 1144 et
221 1079 355 1166 proinde
368 1079 523 1145 mundum
537 1081 640 1166 ipsum
654 1080 823 1167 aliquando
844 1081 1005 1167 incepisse,
1029 1078 1197 1167 aliquando
1212 1080 1308 1145 etiam

175 1191 362 1278 periturum,
372 1192 490 1280 arguit,
507 1175 1212 1281 variiiquealiisargumentisconlirmat,hanc
1222 1211 1311 1256 com·

174 1324 288 1391 pagem
303 1324 362 1367 nec
372 1302 412 1367 ab
426 1314 546 1366 aeterno
560 1303 723 1381 exstitisse,
738 1325 840 1390 neque
853 1301 991 1367 firturam
1004 1325 1070 1366 esse
1090 1302 1309 1368 immortalem.

174 1413 235 1479 VI.
251 1413 305 1478 Ad
320 1435 384 1478 ver.
399 1419 474 1476 510.
489 1414 555 1502 agit
568 1411 609 1476 de
629 1413 734 1497 primo
754 1413 865 1478 mundi
887 1425 1015 1491 exortu3
1039 1425 1070 1477 et
1091 1413 1219 1502 singulis
1243 1415 1310 1500 ejus

173 1499 326 1612 partibus',
341 1536 438 1611 prout
451 1524 609 1614 graviores
624 1537 678 1590 aut
692 1525 821 1590 leviores
835 1536 920 1603 sunt,
936 1525 1023 1590 sedes
1037 1537 1150 1590 suaset
1162 1524 1247 1590 locos
1261 1548 1310 1590 aa·

173 1638 285 1726 signat.
332 1636 409 1701 Vll.
426 1635 480 1700 Ad
494 1659 557 1701 ver.
573 1643 647 1700 618.
671 1636 770 1702 multa
792 1637 834 1701 de
857 1635 928 1701 coeli
952 1648 984 1701 et
1008 1636 1145 1701 sidemm
1171 1636 1310 1702 motibus

171 1749 334 1835 proponit,
350 1757 384 1811 at
397 1745 477 1809 nibil
490 1747 567 1811 certi
583 1746 735 1812 decemit:
759 1747 874 1812 deinde
887 1747 992 1825 docet,
1007 1770 1064 1812 cur
1078 1761 1173 1825 terra,
1189 1770 1247 1813 cur
1259 1760 1310 1814 to·

172 1871 207 1925 ta
219 1880 397 1945 compages,
414 1856 499 1943 quod
521 1879 635 1943 corpus
656 1881 751 1945 grave
776 1870 834 1937 est,
860 1859 937 1924 nulli
962 1859 1166 1925 fimdamento
1186 1860 1309 1939 innixa,

171 1970 331 2057 pendeatz·
343 1968 439 2033 solem
453 1968 599 2056 denique,
622 1969 742 2049 lunam,
765 1970 878 2048 sidera,
899 1970 1042 2047 metitur,
1065 1981 1159 2056 atque
1180 1970 1232 2033 illa
1249 1992 1329 2045 nec¹

170 2081 292 2167 majora
319 2101 378 2144 nec
406 2079 531 2144 minora
559 2102 636 2158 esse,
666 2101 762 2166 quam
791 2080 882 2144 nobis
911 2090 1075 2166 apparent,
1109 2082 1310 2165 pronunciat.

172 2192 269 2257 VIII.
293 2189 347 2255 Ad
361 2211 425 2254 ver.
441 2191 514 2253 770.
529 2190 630 2255 varias
644 2190 805 2277 utriusque
820 2190 952 2269 solstitii,
975 2191 1073 2256 aeatiri
1090 2201 1123 2254 et
1143 2189 1307 2277 hyemalis,

171 2325 293 2369 caussas
306 2301 424 2379 reddit,
448 2322 512 2386 quc
527 2300 623 2366 modo
638 2323 703 2365 nox
718 2299 786 2380 fiat,
802 2323 859 2365 cur
880 2322 995 2366 aurora
1015 2301 1113 2367 solem
1134 2303 1308 2387 praecedat,

170 2436 228 2480 cur
241 2414 308 2478 dies
322 2426 354 2477 et
367 2423 474 2479 noctes
488 2412 622 2476 vicissim
636 2435 702 2476 sese
717 2423 875 2498 superent,
898 2435 956 2478 cur
976 2411 1053 2478 luna
1073 2412 1193 2479 vultum
1214 2426 1247 2479 et
1268 2414 1308 2479 fi·

170 2548 283 2615 guram
298 2524 407 2601 variet,
423 2545 480 2588 cur
494 2522 629 2609 denique
643 2522 689 2587 sol
703 2544 741 2588 ac
757 2521 833 2588 luna
854 2523 982 2610 eclipsin
1003 2524 1175 2609 patiantur,
1198 2524 1307 2612 dispu-

170 2649 227 2713 tat.
272 2635 336 2701 IX.
352 2633 490 2713 Deinde,
506 2656 527 2698 a
545 2633 625 2699 coelo
648 2633 851 2713 descendens,
879 2632 1061 2714 herbarum,
1086 2636 1246 2717 arborum,
1273 2661 1309 2704 a·

170 2747 268 2826 11111111,
283 2747 462 2824 brutorum,
478 2745 656 2824 hominum,
672 2744 808 2833 origines
823 2745 980 2813 describit
1025 2745 1070 2810 X.
1087 2746 1141 2811 Ad
1151 2771 1214 2813 ver.
1231 2756 1307 2816 885.

170 2870 311 2926 monstra
324 2881 460 2946 quoque,
476 2857 586 2920 mutila
600 2855 746 2943 quaedam
760 2867 853 2943 atque
868 2856 1050 2942 imperfecta
1063 2859 1220 2940 animalia,
1235 2883 1308 2926 nas·

170 2970 371 3048 ciconcedit,
395 2969 450 3034 scd
466 2967 652 3046 Chimaeras,
670 2968 857 3046 Centauros,
882 2967 1010 3054 Scyllas,
1032 2968 1212 3059 reliquaque
1231 2975 1309 3059 poi}-

170 3097 273 3148 tarum
287 3092 445 3167 portenta,
461 3080 595 3145 suaviter
609 3077 738 3144 deridet
784 3078 849 3143 XI.
872 3077 1025 3158 Demmn,
1048 3104 1069 3145 a
1082 3103 1145 3146 ver.
1168 3090 1242 3149 972.
1265 3085 1308 3151 ad

169 3217 234 3259 ver.
254 3201 346 3259 1090.
361 3193 537 3277 primorum
551 3189 717 3254 hominum
732 3190 824 3267 vires,
840 3189 952 3255 rudem
966 3191 1074 3271 vitam,
1098 3194 1227 3274 cultum,
1243 3196 1308 3261 vic-

170 3320 251 3386 tum,
266 3307 442 3396 ingenium,
458 3327 574 3380 mores,
591 3303 760 3381 domicilia,
776 3304 989 3381 matrimonia,
1013 3305 1173 3384 describit3
1197 3319 1228 3372 et
1248 3308 1306 3373 do-

170 3432 232 3497 cet,
247 3419 333 3483 unde
347 3440 462 3495 sermo,
477 3439 581 3493 voces,
597 3428 628 3480 et
642 3437 749 3479 rerum
763 3417 902 3479 nomina.
948 3415 1030 3481 XII.
1055 3417 1212 3499 Tandem,
1234 3433 1307 3507 post

170 3531 276 3619 ignem
291 3529 324 3592 in
339 3539 437 3592 terras
452 3550 472 3591 a
485 3526 614 3591 firlmine
628 3525 778 3604 delatum,
794 3527 906 3592 cultior
920 3529 984 3592 vita
997 3527 1079 3594 facta
1088 3543 1146 3610 est,
1162 3542 1194 3596 et
1207 3532 1306 3598 victus

170 3639 307 3717 mollior;
331 3650 423 3725 pacta
433 3650 465 3703 et
478 3637 597 3703 foedera
610 3638 749 3703 inierunt
765 3639 920 3720 homines,
935 3664 1027 3730 agros
1040 3643 1147 3728 partiti
1161 3656 1248 3721 sunt,
1272 3656 1306 3709 et

169 3751 383 3839 prdcherrimi,
406 3762 460 3815 aut
473 3750 645 3830 fortissimi,
662 3774 751 3841 regas
772 3754 934 3819 constituti
955 3766 1042 3833 sunt;
1065 3767 1098 3821 at
1112 3755 1210 3835 brevi,
1233 3755 1303 3822 orta

169 3863 333 3940 seditione,
349 3861 522 3948 respublica
536 3863 672 3943 emersit,
688 3862 730 3927 ad
744 3886 807 3928 ver.
827 3871 919 3929 1160.
965 3865 1065 3930 XIII.
1082 3866 1173 3945 Inde,
1189 3867 1303 3933 adver.

176 3982 269 4038 1240.
284 3974 424 4060 disputat
437 3973 478 4038 de
492 3974 623 4039 deorum
637 3986 736 4054 metu,
753 3987 784 4040 et
798 3986 870 4040 ortu
885 3976 1056 4064 religionis3
1080 4000 1175 4063 quam
1189 3978 1305 4044 dvinae

169 4099 303 4166 nauum,
326 4099 358 4153 et
380 4109 557 4151 caussarum
579 4087 779 4167 naturalium,
804 4088 991 4177 ignorantiae
1017 4102 1175 4178 acceptam
1198 4089 1303 4156 refert.

170 4200 266 4266 XIV.
290 4199 570 4285 Quae'sequuntau,
582 4199 778 4265 metallorum
793 4214 910 4280 crtum,
926 4202 1042 4288 primas
1056 4202 1192 4268 bellandi
1206 4215 1300 4282 artes,

169 4313 244 4378 artis
257 4312 416 4388 textrinae,
439 4311 649 4397 agricvdturae,
672 4313 815 4392 musices,
839 4327 871 4378 ct
892 4313 1023 4380 aliarum
1045 4316 1171 4395 artium,
1195 4326 1301 4380 ortum

170 4435 263 4511 atque
275 4443 475 4513 progressum
490 4423 663 4506 continent,
679 4447 777 4513 usque
791 4424 832 4490 ad
846 4424 943 4491 finem
956 4425 1036 4492 libri.
