<?xml version="1.0" encoding="UTF-8"?>
<!DOCTYPE html PUBLIC "-//W3C//DTD XHTML 1.0 Transitional//EN"
    "http://www.w3.org/TR/xhtml1/DTD/xhtml1-transitional.dtd">
<html xmlns="http://www.w3.org/1999/xhtml" xml:lang="en" lang="en">
 <head>
  <title>
</title>
<meta http-equiv="Content-Type" content="text/html;charset=utf-8" />
  <meta name='ocr-system' content='tesseract 3.04.00' />
  <meta name='ocr-capabilities' content='ocr_page ocr_carea ocr_par ocr_line ocrx_word'/>
</head>
<body>
  <div class='ocr_page' id='page_1' title='image "./tlucretiicaride02bentgoog_0028.png"; bbox 0 0 2946 5356; ppageno 0'>
   <div class='ocr_carea' id='block_1_1' title="bbox 487 498 1247 571">
    <p class='ocr_par' dir='ltr' id='par_1_1' title="bbox 487 498 1247 571">
     <span class='ocr_line' id='line_1_1' title="bbox 487 498 1247 571; baseline 0.007 -5"><span class='ocrx_word' id='word_1_1' title='bbox 487 501 557 568; x_wconf 80' lang='lat' dir='ltr'>AD</span> <span class='ocrx_word' id='word_1_2' title='bbox 588 498 887 567; x_wconf 85' lang='lat' dir='ltr'><strong>LECTOREM.</strong></span> <span class='ocrx_word' id='word_1_3' title='bbox 1204 525 1247 571; x_wconf 78' lang='lat' dir='ltr'>xv</span> 
     </span>
    </p>
   </div>
   <div class='ocr_carea' id='block_1_2' title="bbox 114 683 1267 1649">
    <p class='ocr_par' dir='ltr' id='par_1_2' title="bbox 114 683 1267 1649">
     <span class='ocr_line' id='line_1_2' title="bbox 115 683 1247 773; baseline -0.001 -18"><span class='ocrx_word' id='word_1_4' title='bbox 115 689 250 758; x_wconf 79' lang='lat' dir='ltr'>Ricards&#39;</span> <span class='ocrx_word' id='word_1_5' title='bbox 261 685 475 760; x_wconf 54' lang='lat' dir='ltr'>(imberbum</span> <span class='ocrx_word' id='word_1_6' title='bbox 499 685 554 773; x_wconf 91' lang='lat' dir='ltr'>qui</span> <span class='ocrx_word' id='word_1_7' title='bbox 564 706 606 751; x_wconf 81' lang='lat' dir='ltr'>ex</span> <span class='ocrx_word' id='word_1_8' title='bbox 615 683 679 750; x_wconf 75' lang='lat' dir='ltr'>filit</span> <span class='ocrx_word' id='word_1_9' title='bbox 691 695 738 751; x_wconf 89' lang='lat' dir='ltr'>est</span> <span class='ocrx_word' id='word_1_10' title='bbox 749 684 883 751; x_wconf 83' lang='lat' dir='ltr'>Bentleii</span> <span class='ocrx_word' id='word_1_11' title='bbox 895 705 1005 771; x_wconf 91' lang='lat' dir='ltr'>nepos,</span> <span class='ocrx_word' id='word_1_12' title='bbox 1016 695 1049 751; x_wconf 91' lang='lat' dir='ltr'>et</span> <span class='ocrx_word' id='word_1_13' title='bbox 1061 684 1162 752; x_wconf 80' lang='lat' dir='ltr'>boeres</span> <span class='ocrx_word' id='word_1_14' title='bbox 1172 688 1247 755; x_wconf 87' lang='lat' dir='ltr'>aviti</span> 
     </span>
     <span class='ocr_line' id='line_1_3' title="bbox 114 797 1248 892; baseline 0 -26"><span class='ocrx_word' id='word_1_15' title='bbox 114 802 236 892; x_wconf 81' lang='lat' dir='ltr'>ingenii</span> <span class='ocrx_word' id='word_1_16' title='bbox 250 799 443 866; x_wconf 82' lang='lat' dir='ltr'>certissimus.</span> <span class='ocrx_word' id='word_1_17' title='bbox 488 798 633 863; x_wconf 87' lang='lat' dir='ltr'>Aliorum</span> <span class='ocrx_word' id='word_1_18' title='bbox 652 799 747 863; x_wconf 83' lang='lat' dir='ltr'>etiarn</span> <span class='ocrx_word' id='word_1_19' title='bbox 766 797 930 876; x_wconf 80' lang='lat' dir='ltr'>librorum,</span> <span class='ocrx_word' id='word_1_20' title='bbox 952 798 1177 883; x_wconf 69' lang='lat' dir='ltr'>pretiosissimis</span> <span class='ocrx_word' id='word_1_21' title='bbox 1198 802 1248 866; x_wconf 85' lang='lat' dir='ltr'>avi</span> 
     </span>
     <span class='ocr_line' id='line_1_4' title="bbox 117 909 1248 1002; baseline -0.004 -22"><span class='ocrx_word' id='word_1_22' title='bbox 117 915 165 980; x_wconf 87' lang='lat' dir='ltr'>sni</span> <span class='ocrx_word' id='word_1_23' title='bbox 194 911 424 977; x_wconf 79' lang='lat' dir='ltr'>commentariis</span> <span class='ocrx_word' id='word_1_24' title='bbox 452 910 706 996; x_wconf 79' lang='lat' dir='ltr'>perscripturum,</span> <span class='ocrx_word' id='word_1_25' title='bbox 733 909 885 975; x_wconf 87' lang='lat' dir='ltr'>solitarius</span> <span class='ocrx_word' id='word_1_26' title='bbox 905 932 1062 996; x_wconf 79' lang='lat' dir='ltr'>possessor</span> <span class='ocrx_word' id='word_1_27' title='bbox 1092 925 1139 976; x_wconf 89' lang='lat' dir='ltr'>est</span> <span class='ocrx_word' id='word_1_28' title='bbox 1159 913 1248 1002; x_wconf 81' lang='lat' dir='ltr'>inge·</span> 
     </span>
     <span class='ocr_line' id='line_1_5' title="bbox 115 1020 1248 1110; baseline -0.001 -19"><span class='ocrx_word' id='word_1_29' title='bbox 115 1025 306 1091; x_wconf 67' lang='lat' dir='ltr'>incussimus</span> <span class='ocrx_word' id='word_1_30' title='bbox 319 1023 369 1088; x_wconf 89' lang='lat' dir='ltr'>ille</span> <span class='ocrx_word' id='word_1_31' title='bbox 383 1022 445 1099; x_wconf 83' lang='lat' dir='ltr'>rir;</span> <span class='ocrx_word' id='word_1_32' title='bbox 469 1044 603 1108; x_wconf 90' lang='lat' dir='ltr'>quorum</span> <span class='ocrx_word' id='word_1_33' title='bbox 617 1043 709 1086; x_wconf 88' lang='lat' dir='ltr'>usum</span> <span class='ocrx_word' id='word_1_34' title='bbox 730 1020 808 1086; x_wconf 92' lang='lat' dir='ltr'>mihi</span> <span class='ocrx_word' id='word_1_35' title='bbox 829 1043 887 1107; x_wconf 90' lang='lat' dir='ltr'>per</span> <span class='ocrx_word' id='word_1_36' title='bbox 900 1020 976 1086; x_wconf 82' lang='lat' dir='ltr'>alios</span> <span class='ocrx_word' id='word_1_37' title='bbox 989 1024 1107 1108; x_wconf 85' lang='lat' dir='ltr'>petenti</span> <span class='ocrx_word' id='word_1_38' title='bbox 1120 1045 1248 1110; x_wconf 85' lang='lat' dir='ltr'>prorsus</span> 
     </span>
     <span class='ocr_line' id='line_1_6' title="bbox 115 1133 1245 1225; baseline -0.001 -22"><span class='ocrx_word' id='word_1_39' title='bbox 115 1136 291 1225; x_wconf 81' lang='lat' dir='ltr'>denegarit:</span> <span class='ocrx_word' id='word_1_40' title='bbox 314 1133 483 1200; x_wconf 79' lang='lat' dir='ltr'>illaudabili</span> <span class='ocrx_word' id='word_1_41' title='bbox 494 1155 569 1199; x_wconf 81' lang='lat' dir='ltr'>sane</span> <span class='ocrx_word' id='word_1_42' title='bbox 583 1134 751 1218; x_wconf 83' lang='lat' dir='ltr'>specimine</span> <span class='ocrx_word' id='word_1_43' title='bbox 765 1134 886 1199; x_wconf 82' lang='lat' dir='ltr'>cuninae</span> <span class='ocrx_word' id='word_1_44' title='bbox 901 1134 1061 1221; x_wconf 84' lang='lat' dir='ltr'>cujusdam</span> <span class='ocrx_word' id='word_1_45' title='bbox 1069 1135 1245 1225; x_wconf 81' lang='lat' dir='ltr'>malignita-</span> 
     </span>
     <span class='ocr_line' id='line_1_7' title="bbox 114 1246 1267 1335; baseline 0.001 -22"><span class='ocrx_word' id='word_1_46' title='bbox 114 1250 168 1326; x_wconf 81' lang='lat' dir='ltr'>tis3</span> <span class='ocrx_word' id='word_1_47' title='bbox 191 1270 290 1335; x_wconf 89' lang='lat' dir='ltr'>quum</span> <span class='ocrx_word' id='word_1_48' title='bbox 304 1269 363 1312; x_wconf 90' lang='lat' dir='ltr'>nec</span> <span class='ocrx_word' id='word_1_49' title='bbox 378 1247 445 1332; x_wconf 87' lang='lat' dir='ltr'>ipse</span> <span class='ocrx_word' id='word_1_50' title='bbox 458 1246 556 1332; x_wconf 89' lang='lat' dir='ltr'>copiis</span> <span class='ocrx_word' id='word_1_51' title='bbox 564 1246 627 1310; x_wconf 88' lang='lat' dir='ltr'>suis</span> <span class='ocrx_word' id='word_1_52' title='bbox 640 1247 687 1312; x_wconf 90' lang='lat' dir='ltr'>uti</span> <span class='ocrx_word' id='word_1_53' title='bbox 702 1246 785 1326; x_wconf 83' lang='lat' dir='ltr'>velit,</span> <span class='ocrx_word' id='word_1_54' title='bbox 801 1246 977 1334; x_wconf 81' lang='lat' dir='ltr'>nequcaliis</span> <span class='ocrx_word' id='word_1_55' title='bbox 986 1247 1118 1314; x_wconf 81' lang='lat' dir='ltr'>utendas</span> <span class='ocrx_word' id='word_1_56' title='bbox 1128 1249 1244 1334; x_wconf 88' lang='lat' dir='ltr'>imper·</span> <span class='ocrx_word' id='word_1_57' title='bbox 1265 1324 1267 1328; x_wconf 11' lang='lat' dir='ltr'>y</span> 
     </span>
     <span class='ocr_line' id='line_1_8' title="bbox 115 1358 1245 1448; baseline 0.003 -24"><span class='ocrx_word' id='word_1_58' title='bbox 115 1360 177 1424; x_wconf 86' lang='lat' dir='ltr'>tiri.</span> <span class='ocrx_word' id='word_1_59' title='bbox 222 1359 308 1424; x_wconf 83' lang='lat' dir='ltr'>Hoeo</span> <span class='ocrx_word' id='word_1_60' title='bbox 322 1372 427 1424; x_wconf 84' lang='lat' dir='ltr'>autem</span> <span class='ocrx_word' id='word_1_61' title='bbox 440 1379 507 1423; x_wconf 91' lang='lat' dir='ltr'>non</span> <span class='ocrx_word' id='word_1_62' title='bbox 521 1358 667 1423; x_wconf 83' lang='lat' dir='ltr'>ridentur</span> <span class='ocrx_word' id='word_1_63' title='bbox 679 1359 805 1448; x_wconf 81' lang='lat' dir='ltr'>gravius</span> <span class='ocrx_word' id='word_1_64' title='bbox 818 1359 914 1437; x_wconf 83' lang='lat' dir='ltr'>dicta,</span> <span class='ocrx_word' id='word_1_65' title='bbox 926 1372 1019 1446; x_wconf 84' lang='lat' dir='ltr'>atque</span> <span class='ocrx_word' id='word_1_66' title='bbox 1032 1359 1245 1440; x_wconf 83' lang='lat' dir='ltr'>inhumanius,</span> 
     </span>
     <span class='ocr_line' id='line_1_9' title="bbox 114 1469 1245 1560; baseline 0.001 -24"><span class='ocrx_word' id='word_1_67' title='bbox 114 1493 209 1557; x_wconf 83' lang='lat' dir='ltr'>quarn</span> <span class='ocrx_word' id='word_1_68' title='bbox 222 1493 273 1536; x_wconf 89' lang='lat' dir='ltr'>res</span> <span class='ocrx_word' id='word_1_69' title='bbox 291 1470 427 1557; x_wconf 81' lang='lat' dir='ltr'>postulet</span> <span class='ocrx_word' id='word_1_70' title='bbox 440 1471 589 1552; x_wconf 83' lang='lat' dir='ltr'>literaria,</span> <span class='ocrx_word' id='word_1_71' title='bbox 616 1472 730 1559; x_wconf 83' lang='lat' dir='ltr'>etipsa</span> <span class='ocrx_word' id='word_1_72' title='bbox 746 1471 842 1537; x_wconf 80' lang='lat' dir='ltr'>Ratio</span> <span class='ocrx_word' id='word_1_73' title='bbox 856 1469 1010 1560; x_wconf 81' lang='lat' dir='ltr'>suffragiis</span> <span class='ocrx_word' id='word_1_74' title='bbox 1024 1472 1087 1538; x_wconf 90' lang='lat' dir='ltr'>suis</span> <span class='ocrx_word' id='word_1_75' title='bbox 1100 1493 1245 1559; x_wconf 84' lang='lat' dir='ltr'>compro·</span> 
     </span>
     <span class='ocr_line' id='line_1_10' title="bbox 117 1583 648 1649; baseline 0 -2"><span class='ocrx_word' id='word_1_76' title='bbox 117 1583 211 1649; x_wconf 85' lang='lat' dir='ltr'>babit.</span> <span class='ocrx_word' id='word_1_77' title='bbox 647 1590 648 1594; x_wconf 77' lang='grc'>’</span> 
     </span>
    </p>
   </div>
   <div class='ocr_carea' id='block_1_3' title="bbox 114 1803 1249 2566">
    <p class='ocr_par' dir='ltr' id='par_1_3' title="bbox 114 1803 1249 2566">
     <span class='ocr_line' id='line_1_11' title="bbox 159 1803 1245 1891; baseline 0.001 -20"><span class='ocrx_word' id='word_1_78' title='bbox 159 1805 311 1871; x_wconf 73' lang='lat' dir='ltr'>Codioen</span> <span class='ocrx_word' id='word_1_79' title='bbox 326 1806 525 1871; x_wconf 82' lang='lat' dir='ltr'>chartaceum</span> <span class='ocrx_word' id='word_1_80' title='bbox 547 1827 645 1870; x_wconf 85' lang='lat' dir='ltr'>manu</span> <span class='ocrx_word' id='word_1_81' title='bbox 665 1805 828 1891; x_wconf 86' lang='lat' dir='ltr'>scriptum,</span> <span class='ocrx_word' id='word_1_82' title='bbox 849 1805 884 1869; x_wconf 93' lang='lat' dir='ltr'>in</span> <span class='ocrx_word' id='word_1_83' title='bbox 905 1803 991 1883; x_wconf 90' lang='lat' dir='ltr'>folio,</span> <span class='ocrx_word' id='word_1_84' title='bbox 1013 1805 1245 1887; x_wconf 87' lang='lat' dir='ltr'>nitidissimum,</span> 
     </span>
     <span class='ocr_line' id='line_1_12' title="bbox 117 1916 1249 2006; baseline 0.003 -25"><span class='ocrx_word' id='word_1_85' title='bbox 117 1931 281 1997; x_wconf 72' lang='lat' dir='ltr'>vehuntur,</span> <span class='ocrx_word' id='word_1_86' title='bbox 296 1931 329 1983; x_wconf 92' lang='lat' dir='ltr'>et</span> <span class='ocrx_word' id='word_1_87' title='bbox 342 1919 471 2004; x_wconf 80' lang='lat' dir='ltr'>optimae</span> <span class='ocrx_word' id='word_1_88' title='bbox 485 1930 581 1995; x_wconf 87' lang='lat' dir='ltr'>notae,</span> <span class='ocrx_word' id='word_1_89' title='bbox 598 1938 695 2003; x_wconf 90' lang='lat' dir='ltr'>quum</span> <span class='ocrx_word' id='word_1_90' title='bbox 710 1916 792 1980; x_wconf 85' lang='lat' dir='ltr'>solus</span> <span class='ocrx_word' id='word_1_91' title='bbox 803 1917 1042 2005; x_wconf 80' lang='lat' dir='ltr'>castigatissimis</span> <span class='ocrx_word' id='word_1_92' title='bbox 1056 1928 1089 1983; x_wconf 86' lang='lat' dir='ltr'>et</span> <span class='ocrx_word' id='word_1_93' title='bbox 1098 1919 1249 2006; x_wconf 87' lang='lat' dir='ltr'>antiquis·</span> 
     </span>
     <span class='ocr_line' id='line_1_13' title="bbox 116 2028 1248 2116; baseline 0 -20"><span class='ocrx_word' id='word_1_94' title='bbox 116 2031 200 2096; x_wconf 85' lang='lat' dir='ltr'>simis</span> <span class='ocrx_word' id='word_1_95' title='bbox 213 2030 443 2116; x_wconf 75' lang='lat' dir='ltr'>exemplaribus</span> <span class='ocrx_word' id='word_1_96' title='bbox 464 2029 646 2115; x_wconf 86' lang='lat' dir='ltr'>saepiuscule</span> <span class='ocrx_word' id='word_1_97' title='bbox 659 2028 844 2107; x_wconf 84' lang='lat' dir='ltr'>consentiat,</span> <span class='ocrx_word' id='word_1_98' title='bbox 867 2050 908 2093; x_wconf 86' lang='lat' dir='ltr'>ex</span> <span class='ocrx_word' id='word_1_99' title='bbox 921 2028 1045 2115; x_wconf 74' lang='lat' dir='ltr'>publici</span> <span class='ocrx_word' id='word_1_100' title='bbox 1059 2028 1248 2097; x_wconf 75' lang='lat' dir='ltr'>bibliotheca</span> 
     </span>
     <span class='ocr_line' id='line_1_14' title="bbox 117 2140 1248 2228; baseline 0.002 -22"><span class='ocrx_word' id='word_1_101' title='bbox 117 2142 193 2206; x_wconf 88' lang='lat' dir='ltr'>mihi</span> <span class='ocrx_word' id='word_1_102' title='bbox 220 2142 314 2207; x_wconf 79' lang='lat' dir='ltr'>Alma</span> <span class='ocrx_word' id='word_1_103' title='bbox 341 2141 459 2220; x_wconf 88' lang='lat' dir='ltr'>Mater,</span> <span class='ocrx_word' id='word_1_104' title='bbox 484 2141 644 2228; x_wconf 82' lang='lat' dir='ltr'>qnondam</span> <span class='ocrx_word' id='word_1_105' title='bbox 673 2163 755 2218; x_wconf 86' lang='lat' dir='ltr'>mea,</span> <span class='ocrx_word' id='word_1_106' title='bbox 782 2140 948 2205; x_wconf 76' lang='lat' dir='ltr'>Academia</span> <span class='ocrx_word' id='word_1_107' title='bbox 977 2142 1248 2226; x_wconf 72' lang='lat' dir='ltr'>Conlobt&#39;giensis,</span> 
     </span>
     <span class='ocr_line' id='line_1_15' title="bbox 117 2250 1249 2340; baseline 0 -20"><span class='ocrx_word' id='word_1_108' title='bbox 117 2253 370 2320; x_wconf 81' lang='lat' dir='ltr'>subministravit:</span> <span class='ocrx_word' id='word_1_109' title='bbox 390 2275 465 2340; x_wconf 90' lang='lat' dir='ltr'>opes</span> <span class='ocrx_word' id='word_1_110' title='bbox 480 2276 550 2317; x_wconf 87' lang='lat' dir='ltr'>suas</span> <span class='ocrx_word' id='word_1_111' title='bbox 564 2252 650 2317; x_wconf 85' lang='lat' dir='ltr'>haud</span> <span class='ocrx_word' id='word_1_112' title='bbox 664 2252 807 2316; x_wconf 87' lang='lat' dir='ltr'>invidens</span> <span class='ocrx_word' id='word_1_113' title='bbox 820 2250 965 2329; x_wconf 79' lang='lat' dir='ltr'>eruditis3</span> <span class='ocrx_word' id='word_1_114' title='bbox 981 2273 1094 2339; x_wconf 89' lang='lat' dir='ltr'>neque,</span> <span class='ocrx_word' id='word_1_115' title='bbox 1110 2265 1146 2318; x_wconf 90' lang='lat' dir='ltr'>ut</span> <span class='ocrx_word' id='word_1_116' title='bbox 1160 2277 1249 2320; x_wconf 89' lang='lat' dir='ltr'>soror</span> 
     </span>
     <span class='ocr_line' id='line_1_16' title="bbox 116 2362 1245 2452; baseline -0.001 -20"><span class='ocrx_word' id='word_1_117' title='bbox 116 2366 181 2452; x_wconf 86' lang='lat' dir='ltr'>ejus</span> <span class='ocrx_word' id='word_1_118' title='bbox 199 2366 390 2443; x_wconf 75' lang='lat' dir='ltr'>Oroniensis,</span> <span class='ocrx_word' id='word_1_119' title='bbox 406 2364 550 2451; x_wconf 87' lang='lat' dir='ltr'>exemplo</span> <span class='ocrx_word' id='word_1_120' title='bbox 564 2365 658 2429; x_wconf 89' lang='lat' dir='ltr'>nimis</span> <span class='ocrx_word' id='word_1_121' title='bbox 672 2363 895 2442; x_wconf 88' lang='lat' dir='ltr'>erubescendo,</span> <span class='ocrx_word' id='word_1_122' title='bbox 917 2362 1078 2429; x_wconf 78' lang='lat' dir='ltr'>thesauros</span> <span class='ocrx_word' id='word_1_123' title='bbox 1093 2364 1245 2445; x_wconf 83' lang='lat' dir='ltr'>Musaeos,</span> 
     </span>
     <span class='ocr_line' id='line_1_17' title="bbox 114 2476 1249 2566; baseline 0 -24"><span class='ocrx_word' id='word_1_124' title='bbox 114 2479 167 2566; x_wconf 92' lang='lat' dir='ltr'>qui</span> <span class='ocrx_word' id='word_1_125' title='bbox 181 2478 310 2556; x_wconf 90' lang='lat' dir='ltr'>debent,</span> <span class='ocrx_word' id='word_1_126' title='bbox 325 2489 361 2543; x_wconf 89' lang='lat' dir='ltr'>ut</span> <span class='ocrx_word' id='word_1_127' title='bbox 374 2479 428 2543; x_wconf 68' lang='lat' dir='ltr'>aiir</span> <span class='ocrx_word' id='word_1_128' title='bbox 441 2476 538 2556; x_wconf 89' lang='lat' dir='ltr'>etsol‚</span> <span class='ocrx_word' id='word_1_129' title='bbox 554 2476 700 2542; x_wconf 90' lang='lat' dir='ltr'>omnibus</span> <span class='ocrx_word' id='word_1_130' title='bbox 713 2497 894 2542; x_wconf 84' lang='lat' dir='ltr'>communes</span> <span class='ocrx_word' id='word_1_131' title='bbox 908 2498 984 2555; x_wconf 87' lang='lat' dir='ltr'>esse,</span> <span class='ocrx_word' id='word_1_132' title='bbox 999 2476 1134 2563; x_wconf 88' lang='lat' dir='ltr'>propriis</span> <span class='ocrx_word' id='word_1_133' title='bbox 1148 2478 1249 2563; x_wconf 81' lang='lat' dir='ltr'>parie-</span> 
     </span>
    </p>
   </div>
   <div class='ocr_carea' id='block_1_4' title="bbox 115 2574 1380 2675">
    <p class='ocr_par' dir='ltr' id='par_1_4' title="bbox 115 2574 1380 2675">
     <span class='ocr_line' id='line_1_18' title="bbox 115 2574 1380 2675; baseline 0 -19"><span class='ocrx_word' id='word_1_134' title='bbox 115 2591 208 2669; x_wconf 87' lang='lat' dir='ltr'>tibus,</span> <span class='ocrx_word' id='word_1_135' title='bbox 224 2589 359 2655; x_wconf 90' lang='lat' dir='ltr'>inclusos</span> <span class='ocrx_word' id='word_1_136' title='bbox 372 2590 488 2668; x_wconf 80' lang='lat' dir='ltr'>dicam,</span> <span class='ocrx_word' id='word_1_137' title='bbox 511 2611 553 2655; x_wconf 87' lang='lat' dir='ltr'>an</span> <span class='ocrx_word' id='word_1_138' title='bbox 568 2589 690 2654; x_wconf 75' lang='lat' dir='ltr'>abditos</span> <span class='ocrx_word' id='word_1_139' title='bbox 704 2611 742 2656; x_wconf 84' lang='lat' dir='ltr'>ac</span> <span class='ocrx_word' id='word_1_140' title='bbox 755 2587 908 2675; x_wconf 76' lang='lat' dir='ltr'>sepultos?</span> <span class='ocrx_word' id='word_1_141' title='bbox 930 2589 965 2653; x_wconf 93' lang='lat' dir='ltr'>in</span> <span class='ocrx_word' id='word_1_142' title='bbox 980 2600 1133 2655; x_wconf 85' lang='lat' dir='ltr'>aeternum</span> <span class='ocrx_word' id='word_1_143' title='bbox 1148 2590 1249 2656; x_wconf 90' lang='lat' dir='ltr'>conti·</span> <span class='ocrx_word' id='word_1_144' title='bbox 1370 2574 1380 2587; x_wconf 54' lang='lat'>⁰</span> 
     </span>
    </p>
   </div>
   <div class='ocr_carea' id='block_1_5' title="bbox 114 2700 1306 3352">
    <p class='ocr_par' dir='ltr' id='par_1_5' title="bbox 114 2700 1250 3240">
     <span class='ocr_line' id='line_1_19' title="bbox 114 2700 1250 2780; baseline -0.006 -13"><span class='ocrx_word' id='word_1_145' title='bbox 114 2725 201 2768; x_wconf 89' lang='lat' dir='ltr'>nens.</span> <span class='ocrx_word' id='word_1_146' title='bbox 239 2702 308 2767; x_wconf 93' lang='lat' dir='ltr'>Hic</span> <span class='ocrx_word' id='word_1_147' title='bbox 322 2713 427 2767; x_wconf 88' lang='lat' dir='ltr'>autem</span> <span class='ocrx_word' id='word_1_148' title='bbox 441 2703 542 2768; x_wconf 83' lang='lat' dir='ltr'>codex</span> <span class='ocrx_word' id='word_1_149' title='bbox 550 2702 625 2766; x_wconf 90' lang='lat' dir='ltr'>olim</span> <span class='ocrx_word' id='word_1_150' title='bbox 633 2713 701 2767; x_wconf 86' lang='lat' dir='ltr'>erat</span> <span class='ocrx_word' id='word_1_151' title='bbox 709 2701 905 2766; x_wconf 85' lang='lat' dir='ltr'>Askewianae</span> <span class='ocrx_word' id='word_1_152' title='bbox 912 2700 1109 2767; x_wconf 73' lang='lat' dir='ltr'>bibliothecae</span> <span class='ocrx_word' id='word_1_153' title='bbox 1119 2719 1250 2780; x_wconf 65' lang='lat' dir='ltr'>sapesso·-</span> 
     </span>
     <span class='ocr_line' id='line_1_20' title="bbox 115 2813 1245 2903; baseline -0.002 -22"><span class='ocrx_word' id='word_1_154' title='bbox 115 2815 199 2881; x_wconf 89' lang='lat' dir='ltr'>unde</span> <span class='ocrx_word' id='word_1_155' title='bbox 212 2814 316 2903; x_wconf 90' lang='lat' dir='ltr'>pretio</span> <span class='ocrx_word' id='word_1_156' title='bbox 330 2814 463 2879; x_wconf 86' lang='lat' dir='ltr'>redemit</span> <span class='ocrx_word' id='word_1_157' title='bbox 484 2814 666 2879; x_wconf 82' lang='lat' dir='ltr'>Academia.</span> <span class='ocrx_word' id='word_1_158' title='bbox 711 2813 947 2878; x_wconf 86' lang='lat' dir='ltr'>Tractationem</span> <span class='ocrx_word' id='word_1_159' title='bbox 962 2815 1026 2899; x_wconf 90' lang='lat' dir='ltr'>ejus</span> <span class='ocrx_word' id='word_1_160' title='bbox 1047 2815 1125 2879; x_wconf 90' lang='lat' dir='ltr'>mihi</span> <span class='ocrx_word' id='word_1_161' title='bbox 1146 2816 1245 2901; x_wconf 90' lang='lat' dir='ltr'>impe-</span> 
     </span>
     <span class='ocr_line' id='line_1_21' title="bbox 115 2924 1246 3014; baseline -0.001 -21"><span class='ocrx_word' id='word_1_162' title='bbox 115 2928 207 2994; x_wconf 85' lang='lat' dir='ltr'>travit</span> <span class='ocrx_word' id='word_1_163' title='bbox 230 2926 349 2991; x_wconf 88' lang='lat' dir='ltr'>amicus</span> <span class='ocrx_word' id='word_1_164' title='bbox 372 2948 471 3004; x_wconf 89' lang='lat' dir='ltr'>meus,</span> <span class='ocrx_word' id='word_1_165' title='bbox 495 2948 618 3013; x_wconf 87' lang='lat' dir='ltr'>semper</span> <span class='ocrx_word' id='word_1_166' title='bbox 631 2949 669 2991; x_wconf 90' lang='lat' dir='ltr'>ac</span> <span class='ocrx_word' id='word_1_167' title='bbox 690 2926 828 2990; x_wconf 84' lang='lat' dir='ltr'>maxime</span> <span class='ocrx_word' id='word_1_168' title='bbox 851 2924 999 2990; x_wconf 84' lang='lat' dir='ltr'>colendus</span> <span class='ocrx_word' id='word_1_169' title='bbox 1022 2927 1246 3014; x_wconf 86' lang='lat' dir='ltr'>amandusque,</span> 
     </span>
     <span class='ocr_line' id='line_1_22' title="bbox 120 3037 1249 3127; baseline -0.002 -23"><span class='ocrx_word' id='word_1_170' title='bbox 120 3040 304 3106; x_wconf 67' lang='lat' dir='ltr'>Renum</span> <span class='ocrx_word' id='word_1_171' title='bbox 322 3038 522 3103; x_wconf 78' lang='lat' dir='ltr'>Trnwnnr:</span> <span class='ocrx_word' id='word_1_172' title='bbox 545 3040 600 3126; x_wconf 92' lang='lat' dir='ltr'>qui</span> <span class='ocrx_word' id='word_1_173' title='bbox 614 3062 665 3104; x_wconf 88' lang='lat' dir='ltr'>me</span> <span class='ocrx_word' id='word_1_174' title='bbox 681 3037 882 3127; x_wconf 84' lang='lat' dir='ltr'>tyrunculum</span> <span class='ocrx_word' id='word_1_175' title='bbox 897 3038 1026 3121; x_wconf 81' lang='lat' dir='ltr'>Collegii</span> <span class='ocrx_word' id='word_1_176' title='bbox 1038 3039 1122 3115; x_wconf 59' lang='lat' dir='ltr'>Jeme,</span> <span class='ocrx_word' id='word_1_177' title='bbox 1134 3038 1249 3102; x_wconf 85' lang='lat' dir='ltr'>abhinc</span> 
     </span>
     <span class='ocr_line' id='line_1_23' title="bbox 118 3148 1246 3240; baseline -0.002 -23"><span class='ocrx_word' id='word_1_178' title='bbox 118 3152 205 3217; x_wconf 84' lang='lat' dir='ltr'>annis</span> <span class='ocrx_word' id='word_1_179' title='bbox 220 3163 355 3238; x_wconf 86' lang='lat' dir='ltr'>quatuor</span> <span class='ocrx_word' id='word_1_180' title='bbox 369 3163 401 3215; x_wconf 90' lang='lat' dir='ltr'>et</span> <span class='ocrx_word' id='word_1_181' title='bbox 414 3151 536 3240; x_wconf 83' lang='lat' dir='ltr'>viginti,</span> <span class='ocrx_word' id='word_1_182' title='bbox 552 3152 631 3217; x_wconf 88' lang='lat' dir='ltr'>rude</span> <span class='ocrx_word' id='word_1_183' title='bbox 639 3153 706 3237; x_wconf 86' lang='lat' dir='ltr'>jam</span> <span class='ocrx_word' id='word_1_184' title='bbox 721 3163 788 3215; x_wconf 90' lang='lat' dir='ltr'>tum</span> <span class='ocrx_word' id='word_1_185' title='bbox 803 3149 949 3226; x_wconf 88' lang='lat' dir='ltr'>donatus,</span> <span class='ocrx_word' id='word_1_186' title='bbox 965 3148 1071 3213; x_wconf 83' lang='lat' dir='ltr'>favore</span> <span class='ocrx_word' id='word_1_187' title='bbox 1084 3172 1141 3213; x_wconf 88' lang='lat' dir='ltr'>suo</span> <span class='ocrx_word' id='word_1_188' title='bbox 1152 3171 1246 3236; x_wconf 84' lang='lat' dir='ltr'>spon-</span> 
     </span>
    </p>

    <p class='ocr_par' dir='ltr' id='par_1_6' title="bbox 117 3247 1306 3352">
     <span class='ocr_line' id='line_1_24' title="bbox 117 3247 1306 3352; baseline -0.002 -24"><span class='ocrx_word' id='word_1_189' title='bbox 117 3276 148 3329; x_wconf 87' lang='lat' dir='ltr'>te</span> <span class='ocrx_word' id='word_1_190' title='bbox 161 3263 309 3350; x_wconf 86' lang='lat' dir='ltr'>prosequi</span> <span class='ocrx_word' id='word_1_191' title='bbox 323 3284 389 3327; x_wconf 92' lang='lat' dir='ltr'>non</span> <span class='ocrx_word' id='word_1_192' title='bbox 403 3263 588 3352; x_wconf 81' lang='lat' dir='ltr'>dedignatus</span> <span class='ocrx_word' id='word_1_193' title='bbox 603 3274 660 3341; x_wconf 89' lang='lat' dir='ltr'>est,</span> <span class='ocrx_word' id='word_1_194' title='bbox 676 3275 708 3326; x_wconf 91' lang='lat' dir='ltr'>et</span> <span class='ocrx_word' id='word_1_195' title='bbox 721 3263 893 3326; x_wconf 87' lang='lat' dir='ltr'>etiamnum</span> <span class='ocrx_word' id='word_1_196' title='bbox 906 3259 1046 3346; x_wconf 88' lang='lat' dir='ltr'>profecto</span> <span class='ocrx_word' id='word_1_197' title='bbox 1060 3260 1153 3326; x_wconf 76' lang='lat' dir='ltr'>fovet.</span> <span class='ocrx_word' id='word_1_198' title='bbox 1304 3247 1306 3250; x_wconf 36' lang='grc'>’</span> 
     </span>
    </p>
   </div>
   <div class='ocr_carea' id='block_1_6' title="bbox 360 3494 1025 3673">
    <p class='ocr_par' dir='ltr' id='par_1_7' title="bbox 360 3494 1025 3673">
     <span class='ocr_line' id='line_1_25' title="bbox 360 3494 1001 3570; baseline -0.011 -20"><span class='ocrx_word' id='word_1_199' title='bbox 360 3504 450 3570; x_wconf 51' lang='lat' dir='ltr'>Aura&lt;</span> <span class='ocrx_word' id='word_1_200' title='bbox 464 3512 512 3561; x_wconf 71' lang='lat' dir='ltr'>tyn</span> <span class='ocrx_word' id='word_1_201' title='bbox 525 3514 601 3565; x_wconf 73' lang='grc' dir='ltr'>τιμι</span> <span class='ocrx_word' id='word_1_202' title='bbox 614 3512 652 3558; x_wconf 78' lang='lat' dir='ltr'>rs,</span> <span class='ocrx_word' id='word_1_203' title='bbox 666 3513 711 3546; x_wconf 72' lang='lat' dir='ltr'>aas</span> <span class='ocrx_word' id='word_1_204' title='bbox 724 3494 853 3568; x_wconf 64' lang='lat' dir='ltr'>arigewe</span> <span class='ocrx_word' id='word_1_205' title='bbox 865 3497 1001 3558; x_wconf 71' lang='grc' dir='ltr'><em>φιλοτητα,</em></span> 
     </span>
     <span class='ocr_line' id='line_1_26' title="bbox 362 3593 1025 3673; baseline -0.008 -19"><span class='ocrx_word' id='word_1_206' title='bbox 362 3607 469 3654; x_wconf 58' lang='lat' dir='ltr'>sssum</span> <span class='ocrx_word' id='word_1_207' title='bbox 481 3596 580 3671; x_wconf 65' lang='lat' dir='ltr'>ipsum</span> <span class='ocrx_word' id='word_1_208' title='bbox 593 3618 630 3664; x_wconf 79' lang='grc' dir='ltr'>τι,</span> <span class='ocrx_word' id='word_1_209' title='bbox 644 3619 689 3652; x_wconf 72' lang='lat' dir='ltr'>aas</span> <span class='ocrx_word' id='word_1_210' title='bbox 702 3594 796 3662; x_wconf 69' lang='lat' dir='ltr'>inus,</span> <span class='ocrx_word' id='word_1_211' title='bbox 808 3598 902 3673; x_wconf 50' lang='lat' dir='ltr'>apulo</span> <span class='ocrx_word' id='word_1_212' title='bbox 915 3593 1025 3668; x_wconf 69' lang='grc' dir='ltr'>ίλοιμαν.</span> 
     </span>
    </p>
   </div>
   <div class='ocr_carea' id='block_1_7' title="bbox 119 3806 1251 4453">
    <p class='ocr_par' dir='ltr' id='par_1_8' title="bbox 119 3806 1251 4453">
     <span class='ocr_line' id='line_1_27' title="bbox 163 3806 1249 3897; baseline -0.002 -21"><span class='ocrx_word' id='word_1_213' title='bbox 163 3806 308 3896; x_wconf 89' lang='lat' dir='ltr'>Hnjusce</span> <span class='ocrx_word' id='word_1_214' title='bbox 332 3809 530 3897; x_wconf 86' lang='lat' dir='ltr'>exemplaris,</span> <span class='ocrx_word' id='word_1_215' title='bbox 553 3809 638 3897; x_wconf 92' lang='lat' dir='ltr'>quod</span> <span class='ocrx_word' id='word_1_216' title='bbox 661 3808 871 3895; x_wconf 87' lang='lat' dir='ltr'>perfunctorie</span> <span class='ocrx_word' id='word_1_217' title='bbox 895 3807 987 3872; x_wconf 88' lang='lat' dir='ltr'>nimis</span> <span class='ocrx_word' id='word_1_218' title='bbox 1012 3806 1090 3872; x_wconf 88' lang='lat' dir='ltr'>mihi</span> <span class='ocrx_word' id='word_1_219' title='bbox 1121 3809 1249 3874; x_wconf 85' lang='lat' dir='ltr'>videbar</span> 
     </span>
     <span class='ocr_line' id='line_1_28' title="bbox 119 3920 1248 4001; baseline 0 -15"><span class='ocrx_word' id='word_1_220' title='bbox 119 3922 278 4001; x_wconf 82' lang='lat' dir='ltr'>evolvisse,</span> <span class='ocrx_word' id='word_1_221' title='bbox 294 3934 327 3988; x_wconf 89' lang='lat' dir='ltr'>et</span> <span class='ocrx_word' id='word_1_222' title='bbox 339 3923 515 3989; x_wconf 88' lang='lat' dir='ltr'>inconsulto</span> <span class='ocrx_word' id='word_1_223' title='bbox 529 3923 620 3989; x_wconf 89' lang='lat' dir='ltr'>citius</span> <span class='ocrx_word' id='word_1_224' title='bbox 633 3923 825 3999; x_wconf 86' lang='lat' dir='ltr'>remiseram,</span> <span class='ocrx_word' id='word_1_225' title='bbox 840 3920 1020 3985; x_wconf 88' lang='lat' dir='ltr'>ulteriorem</span> <span class='ocrx_word' id='word_1_226' title='bbox 1034 3943 1125 4001; x_wconf 85' lang='lat' dir='ltr'>usum</span> <span class='ocrx_word' id='word_1_227' title='bbox 1140 3945 1160 3985; x_wconf 88' lang='lat' dir='ltr'>a</span> <span class='ocrx_word' id='word_1_228' title='bbox 1173 3922 1248 3986; x_wconf 91' lang='lat' dir='ltr'>doc·</span> 
     </span>
     <span class='ocr_line' id='line_1_29' title="bbox 119 4031 1251 4120; baseline -0.002 -21"><span class='ocrx_word' id='word_1_229' title='bbox 119 4034 238 4100; x_wconf 82' lang='lat' dir='ltr'>tissime</span> <span class='ocrx_word' id='word_1_230' title='bbox 259 4034 599 4120; x_wconf 85' lang='lat' dir='ltr'>protobibliothecario,</span> <span class='ocrx_word' id='word_1_231' title='bbox 624 4036 779 4101; x_wconf 81' lang='lat' dir='ltr'>chssno</span> <span class='ocrx_word' id='word_1_232' title='bbox 803 4031 961 4110; x_wconf 73' lang='lat' dir='ltr'>Fannius,</span> <span class='ocrx_word' id='word_1_233' title='bbox 984 4031 1121 4097; x_wconf 91' lang='lat' dir='ltr'>obtinuit</span> <span class='ocrx_word' id='word_1_234' title='bbox 1136 4033 1251 4098; x_wconf 83' lang='lat' dir='ltr'>Gron-</span> 
     </span>
     <span class='ocr_line' id='line_1_30' title="bbox 122 4144 1251 4236; baseline -0.001 -27"><span class='ocrx_word' id='word_1_235' title='bbox 122 4166 198 4210; x_wconf 78' lang='lat' dir='ltr'>orus</span> <span class='ocrx_word' id='word_1_236' title='bbox 223 4147 405 4225; x_wconf 70' lang='lat' dir='ltr'>Smnvsus,</span> <span class='ocrx_word' id='word_1_237' title='bbox 428 4148 476 4211; x_wconf 90' lang='lat' dir='ltr'>vir</span> <span class='ocrx_word' id='word_1_238' title='bbox 497 4148 625 4236; x_wconf 82' lang='lat' dir='ltr'>ingenio</span> <span class='ocrx_word' id='word_1_239' title='bbox 643 4158 675 4211; x_wconf 87' lang='lat' dir='ltr'>ct</span> <span class='ocrx_word' id='word_1_240' title='bbox 696 4144 872 4210; x_wconf 88' lang='lat' dir='ltr'>eruditione</span> <span class='ocrx_word' id='word_1_241' title='bbox 892 4144 1142 4230; x_wconf 87' lang='lat' dir='ltr'>pollentissimus,</span> <span class='ocrx_word' id='word_1_242' title='bbox 1165 4147 1251 4230; x_wconf 86' lang='lat' dir='ltr'>cujus</span> 
     </span>
     <span class='ocr_line' id='line_1_31' title="bbox 122 4255 1251 4348; baseline -0.003 -25"><span class='ocrx_word' id='word_1_243' title='bbox 122 4255 203 4323; x_wconf 77' lang='lat' dir='ltr'>buna</span> <span class='ocrx_word' id='word_1_244' title='bbox 216 4259 280 4323; x_wconf 91' lang='lat' dir='ltr'>mei</span> <span class='ocrx_word' id='word_1_245' title='bbox 294 4260 443 4344; x_wconf 73' lang='lat' dir='ltr'>praeconii</span> <span class='ocrx_word' id='word_1_246' title='bbox 465 4283 530 4325; x_wconf 91' lang='lat' dir='ltr'>non</span> <span class='ocrx_word' id='word_1_247' title='bbox 546 4259 680 4348; x_wconf 85' lang='lat' dir='ltr'>indiget;</span> <span class='ocrx_word' id='word_1_248' title='bbox 704 4256 782 4321; x_wconf 88' lang='lat' dir='ltr'>mihi</span> <span class='ocrx_word' id='word_1_249' title='bbox 796 4279 871 4322; x_wconf 85' lang='lat' dir='ltr'>vero</span> <span class='ocrx_word' id='word_1_250' title='bbox 885 4278 1047 4345; x_wconf 85' lang='lat' dir='ltr'>nunquam</span> <span class='ocrx_word' id='word_1_251' title='bbox 1069 4257 1134 4323; x_wconf 90' lang='lat' dir='ltr'>sine</span> <span class='ocrx_word' id='word_1_252' title='bbox 1149 4269 1180 4321; x_wconf 90' lang='lat' dir='ltr'>et</span> <span class='ocrx_word' id='word_1_253' title='bbox 1193 4257 1251 4321; x_wconf 90' lang='lat' dir='ltr'>ho-</span> 
     </span>
     <span class='ocr_line' id='line_1_32' title="bbox 123 4370 748 4453; baseline 0 -17"><span class='ocrx_word' id='word_1_254' title='bbox 123 4370 218 4453; x_wconf 84' lang='lat' dir='ltr'>noris,</span> <span class='ocrx_word' id='word_1_255' title='bbox 234 4383 268 4438; x_wconf 87' lang='lat' dir='ltr'>et</span> <span class='ocrx_word' id='word_1_256' title='bbox 282 4372 408 4453; x_wconf 78' lang='lat' dir='ltr'>amerb,</span> <span class='ocrx_word' id='word_1_257' title='bbox 424 4395 515 4440; x_wconf 87' lang='lat' dir='ltr'>sensu</span> <span class='ocrx_word' id='word_1_258' title='bbox 530 4371 748 4441; x_wconf 88' lang='lat' dir='ltr'>nominandus.</span> 
     </span>
    </p>
   </div>
   <div class='ocr_carea' id='block_1_8' title="bbox 0 0 1480 5356">
    <p class='ocr_par' dir='ltr' id='par_1_9' title="bbox 0 0 1480 5356">
     <span class='ocr_line' id='line_1_33' title="bbox 0 0 1480 5356; baseline 0 0"><span class='ocrx_word' id='word_1_259' title='bbox 0 0 1480 5356; x_wconf 95' lang='lat' dir='ltr'> </span> 
     </span>
    </p>
   </div>
  </div>
 </body>
</html>
