2864 5334
143 503 242 568 xxxiv
401 592 415 613 ,
552 499 894 572 ARGUMENTA.

145 700 267 779 partem
284 710 350 755 ease
363 687 512 767 hominis,
535 711 627 777 reque
640 711 678 754 ae
691 688 798 776 pedes,
813 709 936 766 manus,
960 684 1100 764 brachia,
1124 693 1230 772 eaput,
1244 695 1277 751 et

146 803 266 890 reliqffl
275 801 428 881 membra,
440 814 473 867 et
481 824 548 867 nou
555 801 699 867 habitum
709 801 835 867 vitalem
843 801 938 866 totius
949 799 1099 885 eorporis,
1112 821 1167 863 seu
1175 797 1277 863 omni·

146 937 203 981 um
215 914 354 1000 partium
368 913 509 999 corporis
522 914 772 1001 oougruentiam,
791 923 1051 999 concentumque,
1074 910 1196 998 qualem
1209 909 1280 995 quir

148 1027 223 1092 dam
233 1038 351 1090 veteres
363 1025 542 1112 philosophi
551 1025 750 1091 harmoniam
765 1026 923 1090 dixerunt
953 1025 1004 1090 Ne
1014 1046 1089 1088 vero
1099 1025 1204 1088 minus
1217 1021 1281 1085 dis-

148 1139 246 1204 tincte
259 1137 419 1223 disputare
428 1138 582 1217 videatur,
593 1139 670 1204 dum
681 1139 810 1204 vocibus
820 1141 938 1202 animae
948 1149 980 1202 et
993 1138 1096 1200 animo
1106 1134 1283 1222 promiscue

148 1251 259 1329 utitur,
274 1273 295 1315 a
307 1271 371 1313 ver.
391 1253 461 1314 187.
476 1250 518 1315 ad
532 1273 596 1315 νοτ.
616 1258 686 1315 161.
702 1251 806 1330 docet,
829 1251 969 1315 animum
989 1262 1021 1314 et
1035 1248 1173 1313 animam
1187 1266 1284 1310 unam

149 1362 277 1450 quidem
288 1383 355 1426 rem
365 1384 443 1440 esse,
455 1363 597 1429 animum
610 1385 685 1428 vero
695 1365 890 1450 praecipuam
904 1385 970 1428 esse
980 1373 1114 1448 partem,
1130 1371 1161 1423 et
1172 1359 1206 1422 in
1214 1379 1284 1422 eor-

149 1472 191 1538 de
200 1472 347 1551 residere,
362 1474 479 1561 quippe
492 1474 537 1539 ibi
548 1487 661 1553 metus,
672 1475 837 1563 gaudium,
854 1473 1021 1560 etreliquae
1029 1473 1198 1558 passiones,
1213 1490 1285 1556 quae

151 1584 298 1651 animum
315 1597 500 1672 sequuntur,
523 1608 588 1650 sese
602 1597 780 1663 ostentante
799 1585 876 1649 dum
891 1586 1012 1661 anima,
1023 1585 1057 1647 iu
1072 1583 1133 1669 qui
1148 1583 1286 1647 looomo·

151 1697 217 1763 tiva
229 1695 357 1761 famdm
371 1697 464 1761 unice
485 1698 545 1760 sita
565 1710 624 1776 est,
646 1720 704 1784 per
719 1709 821 1762 totum
843 1720 957 1783 eorpus
978 1719 1095 1782 sparsa,
1118 1694 1159 1759 ad
1174 1705 1287 1757 nutum

152 1808 250 1874 animi
264 1819 419 1871 movetur:
442 1806 517 1870 inde
531 1830 551 1871 a
564 1829 629 1871 νοτ.
648 1812 719 1871 161.
735 1808 776 1873 ad
791 1830 854 1872 νοτ.
873 1811 943 1871 177.
958 1808 1173 1872 demonstrare
1194 1826 1289 1869 cona-

152 1930 217 1997 tur,
230 1918 327 1981 animi
337 1929 482 1982 namnam
497 1939 562 1980 ease
576 1939 772 2003 corpoream:
796 1918 918 1982 animus
933 1920 1017 1981 enim
1028 1919 1130 2005 tangit
1138 1918 1288 1994 anirnam,

153 2050 249 2116 quam
263 2040 381 2106 movet,
405 2030 512 2092 anima
524 2040 642 2107 autem,
665 2050 792 2113 eorpus,
816 2028 917 2093 nullus
932 2050 1018 2105 vero,
1034 2029 1094 2091 nisi
1116 2029 1199 2090 inter
1220 2049 1291 2090 cor·

154 2161 245 2227 pora,
267 2151 429 2204 contactus
442 2152 497 2204 est.
543 2140 576 2204 A
589 2161 654 2203 νοτ.
672 2141 745 2203 178.
760 2138 802 2204 ad
815 2162 879 2203 ver.
896 2145 969 2202 888.
984 2138 1088 2216 dooet,
1104 2159 1293 2222 corporeum

154 2251 241 2317 huuc
255 2250 396 2316 animum
410 2251 559 2335 componi
572 2273 591 2314 e
605 2250 774 2315 seminibus
787 2249 1000 2314 minutissimis
1021 2249 1159 2335 quidem,
1176 2249 1294 2312 tenuis-

155 2364 253 2440 simis,
268 2373 300 2427 et
313 2360 451 2426 maxime
464 2360 620 2426 rotundis:
643 2373 686 2439 et,
702 2362 728 2424 si
742 2383 810 2424 rem
825 2361 924 2445 ipsam
938 2372 1122 2445 spectemus,
1145 2359 1292 2438 ecalore,

157 2486 264 2551 rento,
279 2496 335 2538 seu
349 2494 477 2558 vapore,
492 2483 525 2537 et
538 2475 633 2549 aire,
649 2471 749 2536 etalii
763 2472 891 2556 iusuper
899 2493 945 2550 re,
956 2494 1027 2557 quae
1041 2494 1082 2536 ex
1091 2471 1291 2549 tenuissimis,

157 2584 383 2662 minutissimis,
400 2595 431 2647 et
439 2583 576 2647 maxime
590 2582 770 2661 mobilibus,
782 2582 951 2646 seminibus
960 2595 1116 2660 constans,
1132 2581 1295 2647 estsensira

156 2695 359 2783 principium,
383 2708 414 2760 et
435 2695 537 2783 origo:
565 2718 628 2781 quo
649 2695 746 2760 modo
772 2706 877 2760 tamen
900 2695 996 2772 calor,
1023 2707 1144 2772 ventus,
1169 2697 1235 2772 air,
1263 2704 1294 2757 et

158 2818 270 2895 quarta
283 2806 335 2870 illa
348 2828 398 2872 res
412 2807 612 2872 innominata
631 2809 833 2886 misceantur,
856 2807 1012 2893 explicare
1026 2830 1059 2871 se
1073 2828 1138 2870 non
1152 2829 1243 2892 posse
1257 2804 1294 2868 li·

158 2919 256 3007 quido
269 2919 392 2984 fatetur.
437 2919 470 2983 A
484 2942 547 2984 ver.
571 2927 644 2984 828.
660 2920 701 2985 ad
716 2943 779 2985 νοτ.
795 2927 868 2984 850.
884 2921 1003 2998 asserit,
1019 2920 1156 2985 animam
1178 2930 1210 2982 et
1224 2939 1294 2982 cor·

159 3054 218 3117 pus
232 3031 277 3095 ita
298 3031 465 3117 conjuncta
486 3055 563 3111 esse,
578 3045 615 3098 ut
636 3033 703 3097 sine
725 3033 886 3120 utriusque
906 3031 1045 3118 pernicie
1069 3030 1205 3116 separari
1228 3051 1295 3093 non

158 3143 290 3228 possints
313 3141 439 3219 deinde,
455 3165 475 3206 a
488 3165 551 3207 ver.
564 3150 638 3208 850.
653 3143 694 3208 ad
709 3167 772 3208 νοτ.
788 3146 862 3208 870.
877 3165 942 3207 non
957 3143 1056 3208 solum
1071 3141 1224 3219 animum,
1240 3139 1296 3206 sed

160 3253 254 3318 etiam
269 3275 394 3338 corpus,
418 3255 533 3318 sentire
555 3254 700 3334 affirmat,
727 3278 782 3320 seu
796 3256 900 3341 potius
922 3267 1023 3320 totum
1045 3253 1171 3332 animal,
1194 3274 1296 3316 reme

160 3385 293 3447 corpore
307 3375 338 3427 et
352 3364 456 3427 animi
472 3367 689 3450 eompositam:
712 3366 868 3452 posthaec
883 3390 902 3431 a
915 3390 978 3430 νοτ.
995 3369 1069 3430 870.
1084 3365 1127 3430 ad
1140 3386 1205 3429 νοτ.
1220 3366 1295 3427 417.

161 3471 276 3535 refirtat
290 3473 472 3557 opinionem
487 3475 675 3553 Democriti,
694 3478 748 3563 qui
764 3479 899 3565 singulas
913 3479 1028 3542 animoe
1041 3489 1146 3564 partes
1167 3475 1297 3564 singulis

162 3582 303 3667 eorporis
317 3582 458 3667 partibus
472 3586 628 3670 appositas
643 3598 674 3650 et
688 3588 869 3672 conjunctas
890 3612 955 3654 esse
969 3590 1087 3655 docuit:
1110 3601 1154 3668 et,
1170 3601 1207 3653 ut
1221 3586 1297 3651 olim

163 3691 340 3770 affimavit,
355 3693 494 3758 animum
510 3718 575 3759 esse
588 3698 743 3782 potiorem
758 3701 852 3765 totius
867 3702 1029 3787 compositi
1047 3713 1180 3787 partem,
1197 3700 1242 3764 aie
1256 3698 1297 3765 ab

163 3803 270 3868 animo
283 3804 400 3887 potius,
415 3827 509 3890 quam
524 3806 564 3870 ub
579 3807 695 3885 animai,
710 3811 806 3875 vitam
817 3812 1008 3897 dependere,
1031 3825 1063 3877 et
1077 3812 1208 3877 salutem
1229 3812 1298 3876 ani·

164 3912 252 3978 mulis
268 3916 456 3993 conservari,
480 3917 595 3980 asserit,
640 3918 766 3984 Deinde
788 3944 883 3986 aver.
900 3926 973 3987 417.
996 3923 1038 3987 ad
1052 3946 1115 3987 ver.
1132 3930 1206 3986 841.
1229 3924 1298 3988 ani·

164 4047 233 4089 mos
247 4037 279 4089 et
293 4025 412 4089 animus
426 4027 511 4090 nasci
526 4039 557 4090 et
568 4028 693 4094 interire
707 4053 780 4095 cum
789 4034 982 4118 corporibus,
998 4035 1109 4122 viginti
1119 4046 1192 4099 octo
1204 4057 1299 4122 argu·

164 4135 278 4201 mentia
303 4135 516 4201 demonstrare
546 4150 688 4218 conatur,
720 4154 752 4206 et
776 4145 1080 4232 transmigrationem
1104 4145 1298 4234 Pythagorae

165 4245 267 4312 obiter
288 4244 419 4310 deridet
463 4246 614 4326 Domum,
637 4273 657 4314 a
670 4273 733 4316 ver.
750 4262 822 4318 841.
838 4255 956 4320 adver.
972 4263 1045 4320 888.
1060 4269 1196 4321 mortem
1218 4255 1297 4320 nihil

82 4352 84 4358 '
167 4379 232 4425 esse
246 4355 349 4437 docet,
365 4377 436 4424 eum
451 4369 670 4445 postmortem
684 4360 761 4428 nihil
779 4375 825 4432 eat
838 4365 961 4431 mortali
976 4367 1089 4433 animae
1103 4368 1296 4445 timendum
