2864 5334
185 536 254 603 xxii
537 535 620 604 ai>
641 532 940 604 LECTOREM

229 721 401 799 Caetemm,
415 719 457 786 de
470 723 701 788 commentariis
714 725 803 802 meis,
819 744 897 809 quos
910 717 1015 786 multis
1027 716 1139 808 vigiliis
1152 727 1185 783 et
1197 716 1316 804 impro-

156 826 159 834 ’
183 833 227 898 bo
241 832 345 899 studio
358 833 518 912 contexui,
533 833 693 921 praecipua
706 833 785 897 mihi
797 832 925 899 felicitas
938 831 1111 920 continget,
1135 842 1229 918 atque
1242 851 1318 917 pro·

182 945 289 1031 positi,
304 944 391 1031 quod
404 945 511 1010 animo
525 966 647 1030 semper
654 966 741 1008 eram
752 942 989 1030 contemplatus,
1004 955 1081 1008 tunc
1091 941 1220 1008 demum
1230 962 1317 1007 com·

182 1077 241 1142 pos
255 1055 341 1134 fiam,
357 1056 382 1121 si
397 1056 532 1122 rationes
546 1056 590 1121 sic
604 1055 733 1120 videbor
753 1055 788 1120 in
802 1055 886 1121 notis
898 1053 1126 1122 concinnandis
1146 1052 1320 1138 prudenter

183 1179 414 1254 attemperasse,
437 1180 473 1234 ut
494 1189 546 1232 eas
566 1188 625 1232 nec
647 1166 732 1232 docti
752 1166 923 1247 fastidiant,
944 1180 977 1233 et
997 1166 1171 1256 intelligant
1192 1175 1320 1252 tyrones

181 1278 353 1357 fructuose,
376 1292 470 1365 atque
483 1276 559 1343 hinc
569 1277 661 1357 adeo,
676 1277 767 1342 sicuti
787 1279 832 1344 ait
845 1278 906 1357 ille,
921 1279 1046 1366 utrique
1060 1278 1106 1342 rei
1120 1276 1252 1341 scienter
1266 1295 1320 1340 oo·

180 1390 384 1468 cucurrerim,
409 1402 444 1454 iit
458 1389 577 1455 mederi
598 1389 714 1475 possim
737 1412 834 1477 quum
857 1391 1001 1470 satietati,
1028 1403 1097 1455 tum
1117 1387 1319 1477 ignorantiae,

181 1501 342 1568 lectorum
388 1498 584 1576 Quantillum
605 1500 741 1587 denique
754 1501 794 1567 sit
807 1501 895 1582 illud,
911 1502 997 1590 qnod
1018 1498 1169 1566 indefessis
1188 1498 1323 1586 diligen·

181 1611 225 1677 ua
239 1611 387 1698 consequi
401 1609 562 1688 valuerim,
577 1610 677 1697 probe
691 1611 767 1677 scio:
790 1634 850 1678 neo
863 1625 969 1679 tamen
983 1613 1080 1679 animi
1089 1611 1254 1699 judicium,
1271 1632 1321 1675 sa·

179 1733 343 1788 eramento
364 1721 525 1786 literanim
546 1721 720 1787 liberalium
740 1723 877 1813 legitime
898 1725 1038 1814 obliged,
1064 1736 1097 1789 et
1116 1721 1320 1788 humanitatis

181 1833 278 1920 pleni,
294 1830 509 1911 reformidem,
532 1853 634 1918 neque
647 1833 693 1896 ita
706 1855 776 1898 suin
790 1834 931 1920 profecto
953 1836 994 1900 ab
1008 1837 1096 1901 omni
1109 1834 1210 1900 laudis
1224 1855 1320 1920 eppe·

181 1943 293 2009 titione
312 1942 442 2022 alienus,
463 1952 579 2007 utnon
600 1941 690 2006 valde
710 1943 836 2028 cupiam
858 1945 1004 2011 secundie
1024 1946 1142 2032 aliquid
1163 1945 1322 2030 opinionis

182 2053 325 2119 mihimet
339 2053 508 2140 acquirere.
553 2051 718 2119 Lividulos
731 2064 837 2119 autem
858 2077 1001 2121 censores
1014 2066 1138 2120 nostros
1159 2054 1238 2118 nihil
1251 2077 1322 2121 mo-

181 2186 250 2243 ror,
273 2164 429 2243 homines,
443 2164 524 2228 veris
537 2162 633 2229 literis
647 2175 702 2230 aut
715 2163 823 2231 leviter
836 2178 1011 2246 contactos,
1026 2179 1093 2247 aut,
1108 2188 1185 2253 quas
1199 2165 1323 2251 arripu-

180 2282 275 2362 erint,
290 2282 394 2369 pravis
408 2280 568 2347 affectibus
582 2280 833 2348 dehonestantes:
856 2281 909 2368 qui
924 2279 1091 2345 doctorum
1104 2290 1248 2357 conano,
1263 2276 1323 2344 illis

180 2393 423 2480 disphcentium,
437 2415 481 2459 ex
494 2391 634 2480 professo
647 2392 796 2459 desinant
810 2392 996 2478 deprimere,
1019 2403 1052 2456 et
1064 2389 1205 2456 fovendis
1218 2389 1323 2456 hono·

181 2505 349 2592 rsndisque
366 2503 533 2571 Musarum
547 2503 668 2569 asseclis
681 2504 799 2570 nullam
810 2525 939 2590 operam
952 2502 1184 2589 impertiuntur.
1229 2500 1322 2577 Quo-

182 2616 240 2683 ties
261 2638 335 2682 vero
350 2617 543 2695 cessaverim,
566 2628 598 2681 et
612 2617 818 2681 intentionem
833 2615 929 2680 animi
945 2615 1074 2683 videbor
1088 2613 1251 2692 remisisse,
1260 2612 1322 2677 mi·

181 2726 216 2793 hi
239 2727 438 2794 vehementer
460 2726 653 2817 gratulabor,
677 2749 715 2791 ae
732 2749 805 2793 cum
827 2726 905 2791 meis
929 2725 1040 2792 studiis
1063 2723 1192 2791 feliciter
1214 2735 1322 2790 actum

180 2861 247 2905 esse
261 2838 458 2918 existimabo,
474 2839 512 2917 si,
522 2836 698 2906 liberalibus
708 2848 804 2925 atque
811 2858 885 2902 vere
898 2834 1027 2901 eruditis
1040 2857 1161 2902 errores
1171 2835 1322 2902 benevole

181 2949 440 3029 monstrantibus,
463 2948 633 3039 malignam
648 2948 863 3016 cavillatorum
876 2947 1092 3034 intemperiem
1104 2959 1217 3034 potero
1226 2946 1321 3014 lucri·

180 3060 290 3128 facere.

228 3286 268 3351 In
283 3286 461 3353 universum
475 3309 561 3366 sane,
576 3286 638 3352 hoc
653 3286 702 3351 vel
723 3287 757 3351 in
771 3287 918 3353 maximis
938 3286 1082 3352 omnium
1100 3309 1121 3351 a
1133 3285 1319 3372 memetipso

183 3396 389 3462 obtinendum
404 3420 470 3462 esse
480 3398 647 3463 arbitratus
662 3421 743 3477 sum,
755 3410 793 3462 ut
802 3420 843 3462 ne
853 3397 930 3484 qnid
944 3419 995 3461 me
1004 3408 1113 3483 putem
1127 3398 1218 3477 scire,
1233 3395 1321 3485 quod

183 3507 333 3585 nesciam,
365 3530 565 3596 quietamque
587 3531 710 3595 semper
731 3508 902 3587 addiscere,
925 3508 1011 3596 quod
1032 3509 1188 3599 ignorem:
1220 3530 1320 3596 quum

181 3619 326 3698 sentiam,
336 3620 440 3684 minus
452 3620 600 3705 prodesse
609 3621 709 3708 perite
719 3621 796 3709 quid
806 3620 920 3701 facere,
934 3644 1029 3709 quam
1038 3622 1319 3708 obesseperperem

183 3727 299 3795 fecisse.
337 3731 508 3812 Nimirum,
523 3734 557 3798 in
568 3733 617 3799 his
631 3746 810 3821 temporum
823 3737 986 3824 angustiis,
1001 3757 1096 3801 nemo
1109 3734 1204 3799 debet
1217 3732 1319 3797 admi·

183 3840 306 3907 ratione
323 3844 525 3924 commoveri,
549 3846 667 3912 nedum
688 3845 848 3936 indigimri
868 3846 992 3926 debeat,
1016 3847 1055 3925 si,
1074 3845 1233 3910 laboribus
1253 3845 1318 3910 suis

184 3951 371 4033 victitantes,
386 3965 420 4020 et
432 3977 468 4021 re
481 3954 625 4022 familiari
646 3958 763 4022 artiore
783 3957 896 4046 vigiliis
910 3957 1039 4036 addicti,
1061 3979 1121 4024 nec
1134 3979 1201 4022 non
1216 3954 1317 4043 (quod

183 4064 230 4128 rei
244 4078 339 4153 caput
356 4068 415 4150 cst)
430 4067 513 4133 inter
533 4068 686 4134 librorum
707 4069 910 4135 venistiomm
923 4091 1028 4134 raram
1041 4068 1136 4134 nimis
1156 4068 1249 4133 nimis
1263 4091 1316 4135 su·

182 4174 364 4261 pellectilem
378 4179 571 4246 tenebricose
583 4179 741 4268 dispalati,
764 4182 790 4246 si
804 4180 930 4261 scilieet,
944 4181 994 4246 his
1007 4179 1316 4246 incommoditatibus

183 4288 282 4372 pressi
295 4287 499 4378 districtique,
514 4291 660 4381 qimdam
672 4292 818 4358 emittant
831 4291 965 4359 nimium
977 4292 1196 4378 dqimpemm,
1211 4313 1315 4378 neque

184 4396 226 4464 ad
255 4421 394 4491 unguem
418 4418 616 4492 praescium,
640 4404 905 4494 quemadmodum
926 4403 1083 4484 vdlenus,
1105 4401 1314 4490 complanata.

413 4724 715 5096 fi
