<?xml version="1.0" encoding="UTF-8"?>
<!DOCTYPE html PUBLIC "-//W3C//DTD XHTML 1.0 Transitional//EN"
    "http://www.w3.org/TR/xhtml1/DTD/xhtml1-transitional.dtd">
<html xmlns="http://www.w3.org/1999/xhtml" xml:lang="en" lang="en">
 <head>
  <title>
</title>
<meta http-equiv="Content-Type" content="text/html;charset=utf-8" />
  <meta name='ocr-system' content='tesseract 3.04.00' />
  <meta name='ocr-capabilities' content='ocr_page ocr_carea ocr_par ocr_line ocrx_word'/>
</head>
<body>
  <div class='ocr_page' id='page_1' title='image "./tlucretiicaride02bentgoog_0050.png"; bbox 0 0 2864 5334; ppageno 0'>
   <div class='ocr_carea' id='block_1_1' title="bbox 570 668 1319 751">
    <p class='ocr_par' dir='ltr' id='par_1_1' title="bbox 570 668 1319 751">
     <span class='ocr_line' id='line_1_1' title="bbox 570 668 1319 751; baseline 0.012 -8"><span class='ocrx_word' id='word_1_1' title='bbox 570 668 927 747; x_wconf 72' lang='lat' dir='ltr'>ARGUMENTA.</span> <span class='ocrx_word' id='word_1_2' title='bbox 1208 680 1319 751; x_wconf 77' lang='lat' dir='ltr'><strong>mvii</strong></span> 
     </span>
    </p>
   </div>
   <div class='ocr_carea' id='block_1_2' title="bbox 187 860 1324 2967">
    <p class='ocr_par' dir='ltr' id='par_1_2' title="bbox 187 860 1324 2967">
     <span class='ocr_line' id='line_1_2' title="bbox 189 860 1320 950; baseline 0.006 -23"><span class='ocrx_word' id='word_1_3' title='bbox 189 865 329 943; x_wconf 53' lang='lat' dir='ltr'><strong>mantiam</strong></span> <span class='ocrx_word' id='word_1_4' title='bbox 345 883 419 950; x_wconf 79' lang='lat' dir='ltr'><strong>quoe</strong></span> <span class='ocrx_word' id='word_1_5' title='bbox 433 860 509 927; x_wconf 77' lang='lat' dir='ltr'><strong>aiios</strong></span> <span class='ocrx_word' id='word_1_6' title='bbox 524 861 625 948; x_wconf 81' lang='lat' dir='ltr'><strong>juvet,</strong></span> <span class='ocrx_word' id='word_1_7' title='bbox 640 861 748 928; x_wconf 84' lang='lat' dir='ltr'><strong>saltem</strong></span> <span class='ocrx_word' id='word_1_8' title='bbox 769 884 834 928; x_wconf 89' lang='lat' dir='ltr'><strong>non</strong></span> <span class='ocrx_word' id='word_1_9' title='bbox 848 875 975 943; x_wconf 84' lang='lat' dir='ltr'><strong>terreat,</strong></span> <span class='ocrx_word' id='word_1_10' title='bbox 997 886 1018 928; x_wconf 89' lang='lat' dir='ltr'><strong>a</strong></span> <span class='ocrx_word' id='word_1_11' title='bbox 1030 885 1094 930; x_wconf 80' lang='lat' dir='ltr'><strong>ver.</strong></span> <span class='ocrx_word' id='word_1_12' title='bbox 1110 870 1185 932; x_wconf 86' lang='lat'><strong>618.</strong></span> <span class='ocrx_word' id='word_1_13' title='bbox 1200 868 1242 933; x_wconf 85' lang='lat' dir='ltr'><strong>ad</strong></span> <span class='ocrx_word' id='word_1_14' title='bbox 1256 891 1320 934; x_wconf 86' lang='lat' dir='ltr'><strong>ver.</strong></span> 
     </span>
     <span class='ocr_line' id='line_1_3' title="bbox 191 974 1321 1067; baseline 0.003 -24"><span class='ocrx_word' id='word_1_15' title='bbox 191 980 257 1043; x_wconf 72' lang='grc'><strong>755.</strong></span> <span class='ocrx_word' id='word_1_16' title='bbox 303 975 353 1041; x_wconf 88' lang='grc' dir='ltr'><strong>Χ.</strong></span> <span class='ocrx_word' id='word_1_17' title='bbox 371 975 424 1042; x_wconf 82' lang='grc' dir='ltr'><strong>Βο</strong></span> <span class='ocrx_word' id='word_1_18' title='bbox 444 974 668 1065; x_wconf 77' lang='lat' dir='ltr'><strong>imaginatione</strong></span> <span class='ocrx_word' id='word_1_19' title='bbox 688 987 782 1063; x_wconf 85' lang='lat' dir='ltr'><strong>atque</strong></span> <span class='ocrx_word' id='word_1_20' title='bbox 803 977 991 1066; x_wconf 75' lang='lat' dir='ltr'><strong>cogitatione</strong></span> <span class='ocrx_word' id='word_1_21' title='bbox 1013 979 1090 1067; x_wconf 89' lang='lat' dir='ltr'><strong>agit,</strong></span> <span class='ocrx_word' id='word_1_22' title='bbox 1105 999 1183 1066; x_wconf 82' lang='lat' dir='ltr'><strong>quas</strong></span> <span class='ocrx_word' id='word_1_23' title='bbox 1204 1001 1261 1066; x_wconf 83' lang='lat' dir='ltr'><strong>per</strong></span> <span class='ocrx_word' id='word_1_24' title='bbox 1275 992 1321 1046; x_wconf 87' lang='lat' dir='ltr'><strong>te·</strong></span> 
     </span>
     <span class='ocr_line' id='line_1_4' title="bbox 188 1087 1321 1177; baseline 0.001 -22"><span class='ocrx_word' id='word_1_25' title='bbox 188 1088 335 1155; x_wconf 78' lang='lat' dir='ltr'><strong>mussima</strong></span> <span class='ocrx_word' id='word_1_26' title='bbox 349 1109 456 1153; x_wconf 86' lang='lat' dir='ltr'><strong>rerum</strong></span> <span class='ocrx_word' id='word_1_27' title='bbox 477 1087 653 1166; x_wconf 82' lang='lat' dir='ltr'><strong>simulacra,</strong></span> <span class='ocrx_word' id='word_1_28' title='bbox 668 1110 722 1154; x_wconf 84' lang='lat' dir='ltr'><strong>seu</strong></span> <span class='ocrx_word' id='word_1_29' title='bbox 736 1089 899 1177; x_wconf 76' lang='lat' dir='ltr'><strong>imagines,</strong></span> <span class='ocrx_word' id='word_1_30' title='bbox 922 1112 993 1176; x_wconf 81' lang='lat' dir='ltr'><strong>quoe</strong></span> <span class='ocrx_word' id='word_1_31' title='bbox 1007 1090 1042 1154; x_wconf 92' lang='lat' dir='ltr'><strong>in</strong></span> <span class='ocrx_word' id='word_1_32' title='bbox 1057 1102 1195 1156; x_wconf 87' lang='lat' dir='ltr'><strong>mentem</strong></span> <span class='ocrx_word' id='word_1_33' title='bbox 1216 1092 1321 1157; x_wconf 91' lang='lat' dir='ltr'><strong>incur·</strong></span> 
     </span>
     <span class='ocr_line' id='line_1_5' title="bbox 188 1199 1320 1295; baseline 0.003 -29"><span class='ocrx_word' id='word_1_34' title='bbox 188 1213 266 1279; x_wconf 83' lang='lat' dir='ltr'><strong>mnt,</strong></span> <span class='ocrx_word' id='word_1_35' title='bbox 290 1199 362 1264; x_wconf 84' lang='lat' dir='ltr'><strong>fieri</strong></span> <span class='ocrx_word' id='word_1_36' title='bbox 384 1201 502 1287; x_wconf 84' lang='lat' dir='ltr'><strong>pariter</strong></span> <span class='ocrx_word' id='word_1_37' title='bbox 521 1201 579 1278; x_wconf 69' lang='lat' dir='ltr'><strong>sit,</strong></span> <span class='ocrx_word' id='word_1_38' title='bbox 605 1201 681 1265; x_wconf 91' lang='lat' dir='ltr'><strong>inde</strong></span> <span class='ocrx_word' id='word_1_39' title='bbox 694 1202 780 1265; x_wconf 85' lang='lat' dir='ltr'><strong>varia</strong></span> <span class='ocrx_word' id='word_1_40' title='bbox 802 1201 842 1265; x_wconf 91' lang='lat' dir='ltr'><strong>de</strong></span> <span class='ocrx_word' id='word_1_41' title='bbox 863 1202 1105 1295; x_wconf 89' lang='lat' dir='ltr'><strong>cogitationibus</strong></span> <span class='ocrx_word' id='word_1_42' title='bbox 1124 1201 1320 1289; x_wconf 86' lang='lat' dir='ltr'><strong>problemata</strong></span> 
     </span>
     <span class='ocr_line' id='line_1_6' title="bbox 187 1310 1320 1402; baseline 0.004 -26"><span class='ocrx_word' id='word_1_43' title='bbox 187 1312 335 1400; x_wconf 81' lang='lat' dir='ltr'><strong>proponit</strong></span> <span class='ocrx_word' id='word_1_44' title='bbox 354 1323 387 1377; x_wconf 88' lang='lat' dir='ltr'><strong>et</strong></span> <span class='ocrx_word' id='word_1_45' title='bbox 402 1310 553 1399; x_wconf 58' lang='lat' dir='ltr'><strong>explicam</strong></span> <span class='ocrx_word' id='word_1_46' title='bbox 576 1335 645 1392; x_wconf 86' lang='lat' dir='ltr'><strong>eur,</strong></span> <span class='ocrx_word' id='word_1_47' title='bbox 659 1333 689 1377; x_wconf 89' lang='grc' dir='ltr'><strong>ν.</strong></span> <span class='ocrx_word' id='word_1_48' title='bbox 704 1335 736 1402; x_wconf 90' lang='lat' dir='ltr'><strong>g.</strong></span> <span class='ocrx_word' id='word_1_49' title='bbox 750 1312 913 1378; x_wconf 83' lang='lat' dir='ltr'><strong>videamur</strong></span> <span class='ocrx_word' id='word_1_50' title='bbox 933 1314 968 1379; x_wconf 92' lang='lat' dir='ltr'><strong>in</strong></span> <span class='ocrx_word' id='word_1_51' title='bbox 981 1315 1099 1380; x_wconf 87' lang='lat' dir='ltr'><strong>somnis</strong></span> <span class='ocrx_word' id='word_1_52' title='bbox 1119 1315 1225 1380; x_wconf 87' lang='lat' dir='ltr'><strong>videre</strong></span> <span class='ocrx_word' id='word_1_53' title='bbox 1239 1314 1320 1393; x_wconf 88' lang='lat' dir='ltr'><strong>illos,</strong></span> 
     </span>
     <span class='ocr_line' id='line_1_7' title="bbox 187 1424 1321 1516; baseline 0.003 -28"><span class='ocrx_word' id='word_1_54' title='bbox 187 1425 238 1512; x_wconf 86' lang='lat' dir='ltr'><strong>qui</strong></span> <span class='ocrx_word' id='word_1_55' title='bbox 246 1425 315 1510; x_wconf 85' lang='lat' dir='ltr'><strong>jam</strong></span> <span class='ocrx_word' id='word_1_56' title='bbox 329 1424 448 1489; x_wconf 89' lang='lat' dir='ltr'><strong>mortui</strong></span> <span class='ocrx_word' id='word_1_57' title='bbox 463 1434 547 1489; x_wconf 87' lang='lat' dir='ltr'><strong>sunt:</strong></span> <span class='ocrx_word' id='word_1_58' title='bbox 571 1446 628 1489; x_wconf 85' lang='lat' dir='ltr'><strong>cur</strong></span> <span class='ocrx_word' id='word_1_59' title='bbox 642 1425 807 1491; x_wconf 82' lang='lat' dir='ltr'><strong>simulacra</strong></span> <span class='ocrx_word' id='word_1_60' title='bbox 820 1447 939 1505; x_wconf 85' lang='lat' dir='ltr'><strong>rerum,</strong></span> <span class='ocrx_word' id='word_1_61' title='bbox 954 1449 1009 1492; x_wconf 89' lang='lat' dir='ltr'><strong>seu</strong></span> <span class='ocrx_word' id='word_1_62' title='bbox 1018 1428 1184 1516; x_wconf 75' lang='lat' dir='ltr'><strong>imagines,</strong></span> <span class='ocrx_word' id='word_1_63' title='bbox 1193 1427 1321 1491; x_wconf 86' lang='lat' dir='ltr'><strong>videau-</strong></span> 
     </span>
     <span class='ocr_line' id='line_1_8' title="bbox 188 1535 1320 1626; baseline 0.001 -26"><span class='ocrx_word' id='word_1_64' title='bbox 188 1546 237 1601; x_wconf 82' lang='lat' dir='ltr'><strong>tnr</strong></span> <span class='ocrx_word' id='word_1_65' title='bbox 249 1535 342 1601; x_wconf 90' lang='lat' dir='ltr'><strong>nobis</strong></span> <span class='ocrx_word' id='word_1_66' title='bbox 356 1536 488 1614; x_wconf 85' lang='lat' dir='ltr'><strong>morari,</strong></span> <span class='ocrx_word' id='word_1_67' title='bbox 503 1535 581 1601; x_wconf 91' lang='lat' dir='ltr'><strong>dum</strong></span> <span class='ocrx_word' id='word_1_68' title='bbox 594 1537 769 1625; x_wconf 80' lang='lat' dir='ltr'><strong>cogitamus</strong></span> <span class='ocrx_word' id='word_1_69' title='bbox 783 1561 834 1602; x_wconf 86' lang='lat' dir='ltr'><strong>ea:</strong></span> <span class='ocrx_word' id='word_1_70' title='bbox 857 1560 915 1603; x_wconf 91' lang='lat' dir='ltr'><strong>cur</strong></span> <span class='ocrx_word' id='word_1_71' title='bbox 929 1539 1032 1603; x_wconf 81' lang='lat' dir='ltr'><strong>subito</strong></span> <span class='ocrx_word' id='word_1_72' title='bbox 1046 1539 1178 1626; x_wconf 88' lang='lat' dir='ltr'><strong>quisque</strong></span> <span class='ocrx_word' id='word_1_73' title='bbox 1191 1539 1320 1626; x_wconf 84' lang='lat' dir='ltr'><strong>cogitet,</strong></span> 
     </span>
     <span class='ocr_line' id='line_1_9' title="bbox 189 1647 1323 1738; baseline 0.002 -26"><span class='ocrx_word' id='word_1_74' title='bbox 189 1669 256 1734; x_wconf 81' lang='lat' dir='ltr'><strong>quse</strong></span> <span class='ocrx_word' id='word_1_75' title='bbox 269 1647 421 1714; x_wconf 78' lang='lat' dir='ltr'><strong>labuerit:</strong></span> <span class='ocrx_word' id='word_1_76' title='bbox 445 1668 503 1712; x_wconf 84' lang='lat' dir='ltr'><strong>cur</strong></span> <span class='ocrx_word' id='word_1_77' title='bbox 511 1648 545 1711; x_wconf 95' lang='lat' dir='ltr'><strong>in</strong></span> <span class='ocrx_word' id='word_1_78' title='bbox 561 1649 678 1713; x_wconf 89' lang='lat' dir='ltr'><strong>somnis</strong></span> <span class='ocrx_word' id='word_1_79' title='bbox 693 1670 856 1714; x_wconf 85' lang='lat' dir='ltr'><strong>cernamus</strong></span> <span class='ocrx_word' id='word_1_80' title='bbox 865 1650 1016 1738; x_wconf 80' lang='lat' dir='ltr'><strong>imagines</strong></span> <span class='ocrx_word' id='word_1_81' title='bbox 1026 1650 1157 1729; x_wconf 85' lang='lat' dir='ltr'><strong>moveri,</strong></span> <span class='ocrx_word' id='word_1_82' title='bbox 1169 1671 1267 1736; x_wconf 92' lang='lat' dir='ltr'><strong>usque</strong></span> <span class='ocrx_word' id='word_1_83' title='bbox 1281 1647 1323 1714; x_wconf 88' lang='lat' dir='ltr'><strong>ad</strong></span> 
     </span>
     <span class='ocr_line' id='line_1_10' title="bbox 188 1759 1321 1851; baseline 0.001 -26"><span class='ocrx_word' id='word_1_84' title='bbox 188 1781 247 1825; x_wconf 84' lang='lat' dir='ltr'><strong>ver.</strong></span> <span class='ocrx_word' id='word_1_85' title='bbox 263 1766 339 1825; x_wconf 73' lang='lat'><strong>820.</strong></span> <span class='ocrx_word' id='word_1_86' title='bbox 385 1759 451 1824; x_wconf 86' lang='lat' dir='ltr'><strong>XI.</strong></span> <span class='ocrx_word' id='word_1_87' title='bbox 466 1760 499 1824; x_wconf 79' lang='lat' dir='ltr'>A</span> <span class='ocrx_word' id='word_1_88' title='bbox 513 1782 576 1824; x_wconf 90' lang='grc' dir='ltr'><strong>νοτ.</strong></span> <span class='ocrx_word' id='word_1_89' title='bbox 592 1767 667 1824; x_wconf 72' lang='lat'><strong>820.</strong></span> <span class='ocrx_word' id='word_1_90' title='bbox 682 1760 724 1825; x_wconf 82' lang='lat' dir='ltr'><strong>ad</strong></span> <span class='ocrx_word' id='word_1_91' title='bbox 738 1783 801 1825; x_wconf 84' lang='lat' dir='ltr'><strong>ver.</strong></span> <span class='ocrx_word' id='word_1_92' title='bbox 817 1769 891 1825; x_wconf 78' lang='lat'><strong>904.</strong></span> <span class='ocrx_word' id='word_1_93' title='bbox 906 1762 1010 1840; x_wconf 89' lang='lat' dir='ltr'><strong>docet,</strong></span> <span class='ocrx_word' id='word_1_94' title='bbox 1032 1762 1186 1851; x_wconf 85' lang='lat' dir='ltr'><strong>linguam,</strong></span> <span class='ocrx_word' id='word_1_95' title='bbox 1202 1760 1321 1840; x_wconf 84' lang='lat' dir='ltr'><strong>oculos,</strong></span> 
     </span>
     <span class='ocr_line' id='line_1_11' title="bbox 189 1869 1322 1961; baseline 0.001 -24"><span class='ocrx_word' id='word_1_96' title='bbox 189 1893 284 1951; x_wconf 81' lang='lat' dir='ltr'><strong>aures,</strong></span> <span class='ocrx_word' id='word_1_97' title='bbox 298 1893 406 1950; x_wconf 82' lang='lat' dir='ltr'><strong>nares,</strong></span> <span class='ocrx_word' id='word_1_98' title='bbox 427 1871 535 1936; x_wconf 86' lang='lat' dir='ltr'><strong>omnia</strong></span> <span class='ocrx_word' id='word_1_99' title='bbox 548 1869 683 1958; x_wconf 87' lang='lat' dir='ltr'><strong>denique</strong></span> <span class='ocrx_word' id='word_1_100' title='bbox 704 1872 887 1936; x_wconf 87' lang='lat' dir='ltr'><strong>sensationis</strong></span> <span class='ocrx_word' id='word_1_101' title='bbox 901 1894 1032 1961; x_wconf 86' lang='lat' dir='ltr'><strong>organa,</strong></span> <span class='ocrx_word' id='word_1_102' title='bbox 1055 1872 1142 1958; x_wconf 84' lang='lat' dir='ltr'><strong>prius</strong></span> <span class='ocrx_word' id='word_1_103' title='bbox 1157 1884 1232 1937; x_wconf 84' lang='lat' dir='ltr'><strong>nata</strong></span> <span class='ocrx_word' id='word_1_104' title='bbox 1245 1896 1322 1952; x_wconf 85' lang='lat' dir='ltr'><strong>esse,</strong></span> 
     </span>
     <span class='ocr_line' id='line_1_12' title="bbox 188 1983 1323 2071; baseline -0.001 -23"><span class='ocrx_word' id='word_1_105' title='bbox 188 2004 277 2071; x_wconf 86' lang='lat' dir='ltr'><strong>quun</strong></span> <span class='ocrx_word' id='word_1_106' title='bbox 291 2004 405 2048; x_wconf 91' lang='lat' dir='ltr'><strong>eorum</strong></span> <span class='ocrx_word' id='word_1_107' title='bbox 419 2005 526 2060; x_wconf 79' lang='lat' dir='ltr'><strong>usum3</strong></span> <span class='ocrx_word' id='word_1_108' title='bbox 549 2004 636 2049; x_wconf 83' lang='lat' dir='ltr'><strong>secus</strong></span> <span class='ocrx_word' id='word_1_109' title='bbox 650 2005 725 2048; x_wconf 87' lang='lat' dir='ltr'><strong>vero</strong></span> <span class='ocrx_word' id='word_1_110' title='bbox 739 1984 773 2047; x_wconf 92' lang='lat' dir='ltr'><strong>in</strong></span> <span class='ocrx_word' id='word_1_111' title='bbox 788 1983 961 2049; x_wconf 84' lang='lat' dir='ltr'><strong>artificiosis</strong></span> <span class='ocrx_word' id='word_1_112' title='bbox 976 1984 1080 2062; x_wconf 89' lang='lat' dir='ltr'><strong>rebus,</strong></span> <span class='ocrx_word' id='word_1_113' title='bbox 1097 2005 1169 2071; x_wconf 86' lang='lat' dir='ltr'><strong>qnoe</strong></span> <span class='ocrx_word' id='word_1_114' title='bbox 1182 1984 1323 2070; x_wconf 90' lang='lat' dir='ltr'><strong>pendent</strong></span> 
     </span>
     <span class='ocr_line' id='line_1_13' title="bbox 190 2092 1324 2185; baseline -0.001 -25"><span class='ocrx_word' id='word_1_115' title='bbox 190 2116 227 2160; x_wconf 81' lang='lat' dir='ltr'><strong>ex</strong></span> <span class='ocrx_word' id='word_1_116' title='bbox 243 2093 377 2180; x_wconf 66' lang='lat' dir='ltr'><strong>proevisi</strong></span> <span class='ocrx_word' id='word_1_117' title='bbox 391 2093 573 2183; x_wconf 72' lang='lat' dir='ltr'><strong>indigentiis.</strong></span> <span class='ocrx_word' id='word_1_118' title='bbox 620 2094 702 2159; x_wconf 91' lang='lat' dir='ltr'><strong>XII.</strong></span> <span class='ocrx_word' id='word_1_119' title='bbox 727 2096 781 2160; x_wconf 89' lang='lat' dir='ltr'><strong>De</strong></span> <span class='ocrx_word' id='word_1_120' title='bbox 798 2117 909 2161; x_wconf 91' lang='lat' dir='ltr'><strong>somno</strong></span> <span class='ocrx_word' id='word_1_121' title='bbox 924 2108 956 2160; x_wconf 90' lang='lat' dir='ltr'><strong>et</strong></span> <span class='ocrx_word' id='word_1_122' title='bbox 976 2095 1139 2160; x_wconf 90' lang='lat' dir='ltr'><strong>insomniis</strong></span> <span class='ocrx_word' id='word_1_123' title='bbox 1161 2092 1240 2185; x_wconf 60' lang='lat' dir='ltr'><strong>tagit,</strong></span> <span class='ocrx_word' id='word_1_124' title='bbox 1263 2096 1324 2159; x_wconf 92' lang='lat' dir='ltr'><strong>im·</strong></span> 
     </span>
     <span class='ocr_line' id='line_1_14' title="bbox 190 2205 1324 2294; baseline 0.002 -23"><span class='ocrx_word' id='word_1_125' title='bbox 190 2207 354 2294; x_wconf 82' lang='lat' dir='ltr'><strong>primisque</strong></span> <span class='ocrx_word' id='word_1_126' title='bbox 376 2206 480 2284; x_wconf 91' lang='lat' dir='ltr'><strong>dooet,</strong></span> <span class='ocrx_word' id='word_1_127' title='bbox 496 2205 558 2294; x_wconf 82' lang='lat' dir='ltr'><strong>quai</strong></span> <span class='ocrx_word' id='word_1_128' title='bbox 572 2207 695 2272; x_wconf 88' lang='lat' dir='ltr'><strong>ratione</strong></span> <span class='ocrx_word' id='word_1_129' title='bbox 717 2206 772 2272; x_wconf 87' lang='lat' dir='ltr'><strong>fiat</strong></span> <span class='ocrx_word' id='word_1_130' title='bbox 786 2230 913 2273; x_wconf 91' lang='lat' dir='ltr'><strong>somnus</strong></span> <span class='ocrx_word' id='word_1_131' title='bbox 935 2209 968 2271; x_wconf 92' lang='lat' dir='ltr'><strong>in</strong></span> <span class='ocrx_word' id='word_1_132' title='bbox 984 2208 1087 2288; x_wconf 87' lang='lat' dir='ltr'><strong>nobis,</strong></span> <span class='ocrx_word' id='word_1_133' title='bbox 1110 2218 1142 2272; x_wconf 90' lang='lat' dir='ltr'><strong>et</strong></span> <span class='ocrx_word' id='word_1_134' title='bbox 1155 2208 1189 2272; x_wconf 92' lang='lat' dir='ltr'><strong>in</strong></span> <span class='ocrx_word' id='word_1_135' title='bbox 1203 2207 1324 2273; x_wconf 85' lang='lat' dir='ltr'><strong>ooeteris</strong></span> 
     </span>
     <span class='ocr_line' id='line_1_15' title="bbox 189 2318 1324 2408; baseline 0.002 -24"><span class='ocrx_word' id='word_1_136' title='bbox 189 2318 408 2384; x_wconf 74' lang='lat' dir='ltr'><strong>estimantibus:</strong></span> <span class='ocrx_word' id='word_1_137' title='bbox 431 2319 626 2383; x_wconf 87' lang='lat' dir='ltr'><strong>somniomm</strong></span> <span class='ocrx_word' id='word_1_138' title='bbox 647 2319 748 2383; x_wconf 85' lang='lat' dir='ltr'><strong>varias</strong></span> <span class='ocrx_word' id='word_1_139' title='bbox 769 2320 907 2408; x_wconf 82' lang='lat' dir='ltr'><strong>assignat</strong></span> <span class='ocrx_word' id='word_1_140' title='bbox 928 2342 1061 2397; x_wconf 82' lang='lat' dir='ltr'><strong>caussas,</strong></span> <span class='ocrx_word' id='word_1_141' title='bbox 1085 2332 1118 2384; x_wconf 87' lang='lat' dir='ltr'><strong>et</strong></span> <span class='ocrx_word' id='word_1_142' title='bbox 1131 2319 1260 2385; x_wconf 87' lang='lat' dir='ltr'><strong>demum</strong></span> <span class='ocrx_word' id='word_1_143' title='bbox 1282 2319 1324 2386; x_wconf 88' lang='lat' dir='ltr'><strong>ad</strong></span> 
     </span>
     <span class='ocr_line' id='line_1_16' title="bbox 189 2429 1324 2518; baseline 0.001 -23"><span class='ocrx_word' id='word_1_144' title='bbox 189 2451 235 2495; x_wconf 82' lang='lat' dir='ltr'><strong>res</strong></span> <span class='ocrx_word' id='word_1_145' title='bbox 247 2452 397 2495; x_wconf 83' lang='lat' dir='ltr'><strong>venereas</strong></span> <span class='ocrx_word' id='word_1_146' title='bbox 410 2429 565 2517; x_wconf 82' lang='lat' dir='ltr'><strong>delapsus,</strong></span> <span class='ocrx_word' id='word_1_147' title='bbox 581 2453 602 2495; x_wconf 89' lang='lat' dir='ltr'><strong>a</strong></span> <span class='ocrx_word' id='word_1_148' title='bbox 616 2450 679 2495; x_wconf 86' lang='grc' dir='ltr'><strong>νοτ.</strong></span> <span class='ocrx_word' id='word_1_149' title='bbox 699 2437 792 2494; x_wconf 83' lang='grc'><strong>1050.</strong></span> <span class='ocrx_word' id='word_1_150' title='bbox 807 2454 905 2518; x_wconf 90' lang='lat' dir='ltr'><strong>usque</strong></span> <span class='ocrx_word' id='word_1_151' title='bbox 919 2431 960 2496; x_wconf 86' lang='lat' dir='ltr'><strong>ad</strong></span> <span class='ocrx_word' id='word_1_152' title='bbox 974 2429 1072 2496; x_wconf 87' lang='lat' dir='ltr'><strong>finem</strong></span> <span class='ocrx_word' id='word_1_153' title='bbox 1081 2429 1166 2510; x_wconf 90' lang='lat' dir='ltr'><strong>libri,</strong></span> <span class='ocrx_word' id='word_1_154' title='bbox 1182 2431 1222 2496; x_wconf 89' lang='lat' dir='ltr'><strong>de</strong></span> <span class='ocrx_word' id='word_1_155' title='bbox 1236 2453 1324 2496; x_wconf 84' lang='lat' dir='ltr'><strong>amo·</strong></span> 
     </span>
     <span class='ocr_line' id='line_1_17' title="bbox 189 2540 1324 2620; baseline 0.001 -13"><span class='ocrx_word' id='word_1_156' title='bbox 189 2562 231 2620; x_wconf 77' lang='lat' dir='ltr'><strong>re,</strong></span> <span class='ocrx_word' id='word_1_157' title='bbox 245 2542 419 2620; x_wconf 71' lang='lat' dir='ltr'><strong>sterilitate,</strong></span> <span class='ocrx_word' id='word_1_158' title='bbox 434 2540 635 2620; x_wconf 69' lang='lat' dir='ltr'><strong>fecunditate,</strong></span> <span class='ocrx_word' id='word_1_159' title='bbox 658 2553 690 2606; x_wconf 84' lang='lat' dir='ltr'><strong>et</strong></span> <span class='ocrx_word' id='word_1_160' title='bbox 704 2542 770 2606; x_wconf 82' lang='lat' dir='ltr'><strong>aliis</strong></span> <span class='ocrx_word' id='word_1_161' title='bbox 785 2544 931 2607; x_wconf 84' lang='lat' dir='ltr'><strong>omnibus</strong></span> <span class='ocrx_word' id='word_1_162' title='bbox 945 2542 1028 2607; x_wconf 78' lang='lat' dir='ltr'><strong>hanc</strong></span> <span class='ocrx_word' id='word_1_163' title='bbox 1043 2544 1207 2608; x_wconf 77' lang='lat' dir='ltr'><strong>materiam</strong></span> <span class='ocrx_word' id='word_1_164' title='bbox 1229 2544 1324 2609; x_wconf 81' lang='lat' dir='ltr'><strong>attin·</strong></span> 
     </span>
     <span class='ocr_line' id='line_1_18' title="bbox 190 2653 1324 2741; baseline 0.001 -22"><span class='ocrx_word' id='word_1_165' title='bbox 190 2653 341 2741; x_wconf 74' lang='lat' dir='ltr'><strong>gentiam,</strong></span> <span class='ocrx_word' id='word_1_166' title='bbox 364 2653 492 2719; x_wconf 72' lang='lat' dir='ltr'><strong>hiterius</strong></span> <span class='ocrx_word' id='word_1_167' title='bbox 505 2653 611 2718; x_wconf 82' lang='lat' dir='ltr'><strong>forsan</strong></span> <span class='ocrx_word' id='word_1_168' title='bbox 625 2665 657 2718; x_wconf 88' lang='lat' dir='ltr'><strong>et</strong></span> <span class='ocrx_word' id='word_1_169' title='bbox 671 2654 820 2739; x_wconf 81' lang='lat' dir='ltr'><strong>apertius,</strong></span> <span class='ocrx_word' id='word_1_170' title='bbox 843 2677 939 2741; x_wconf 83' lang='lat' dir='ltr'><strong>quam</strong></span> <span class='ocrx_word' id='word_1_171' title='bbox 952 2653 1096 2720; x_wconf 89' lang='lat' dir='ltr'><strong>nonnulli</strong></span> <span class='ocrx_word' id='word_1_172' title='bbox 1114 2654 1238 2735; x_wconf 84' lang='lat' dir='ltr'><strong>veilent,</strong></span> <span class='ocrx_word' id='word_1_173' title='bbox 1260 2654 1324 2720; x_wconf 84' lang='lat' dir='ltr'><strong>dis·</strong></span> 
     </span>
     <span class='ocr_line' id='line_1_19' title="bbox 190 2763 1324 2852; baseline 0.004 -22"><span class='ocrx_word' id='word_1_174' title='bbox 190 2775 290 2850; x_wconf 71' lang='lat' dir='ltr'><strong>putat,</strong></span> <span class='ocrx_word' id='word_1_175' title='bbox 314 2764 372 2830; x_wconf 92' lang='lat' dir='ltr'><strong>sed</strong></span> <span class='ocrx_word' id='word_1_176' title='bbox 386 2764 580 2852; x_wconf 88' lang='lat' dir='ltr'><strong>philosophis</strong></span> <span class='ocrx_word' id='word_1_177' title='bbox 594 2763 715 2844; x_wconf 81' lang='lat' dir='ltr'><strong>saitem,</strong></span> <span class='ocrx_word' id='word_1_178' title='bbox 737 2764 787 2829; x_wconf 86' lang='lat' dir='ltr'><strong>vel</strong></span> <span class='ocrx_word' id='word_1_179' title='bbox 801 2765 835 2830; x_wconf 93' lang='lat' dir='ltr'><strong>in</strong></span> <span class='ocrx_word' id='word_1_180' title='bbox 849 2765 899 2832; x_wconf 86' lang='lat' dir='ltr'><strong>his</strong></span> <span class='ocrx_word' id='word_1_181' title='bbox 913 2764 1097 2845; x_wconf 81' lang='lat' dir='ltr'><strong>tractandis,</strong></span> <span class='ocrx_word' id='word_1_182' title='bbox 1112 2766 1237 2834; x_wconf 80' lang='lat' dir='ltr'><strong>videtur</strong></span> <span class='ocrx_word' id='word_1_183' title='bbox 1257 2788 1324 2834; x_wconf 80' lang='lat' dir='ltr'><strong>este</strong></span> 
     </span>
     <span class='ocr_line' id='line_1_20' title="bbox 192 2873 426 2967; baseline 0.009 -25"><span class='ocrx_word' id='word_1_184' title='bbox 192 2873 426 2967; x_wconf 70' lang='lat' dir='ltr'><strong>indulgendum.</strong></span> 
     </span>
    </p>
   </div>
   <div class='ocr_carea' id='block_1_3' title="bbox 379 3208 1114 3305">
    <p class='ocr_par' dir='ltr' id='par_1_3' title="bbox 379 3208 1114 3346">
     <span class='ocr_line' id='line_1_21' title="bbox 379 3208 1114 3305; baseline -0.004 -10"><span class='ocrx_word' id='word_1_185' title='bbox 379 3212 451 3296; x_wconf 92' lang='lat' dir='ltr'><strong>IN</strong></span> <span class='ocrx_word' id='word_1_186' title='bbox 484 3210 746 3296; x_wconf 88' lang='lat' dir='ltr'><strong>LIBRUM</strong></span> <span class='ocrx_word' id='word_1_187' title='bbox 789 3208 1114 3305; x_wconf 84' lang='lat' dir='ltr'><strong>QUINTUM</strong></span> 
     </span>
    </p>
   </div>
   <div class='ocr_carea' id='block_1_4' title="bbox 192 3545 1325 4736">
    <p class='ocr_par' dir='ltr' id='par_1_4' title="bbox 192 3545 1325 4646">
     <span class='ocr_line' id='line_1_22' title="bbox 231 3545 1323 3634; baseline -0.013 -19"><span class='ocrx_word' id='word_1_188' title='bbox 231 3551 258 3615; x_wconf 89' lang='lat'><strong>1.</strong></span> <span class='ocrx_word' id='word_1_189' title='bbox 282 3548 476 3617; x_wconf 85' lang='lat' dir='ltr'>LAUDES</span> <span class='ocrx_word' id='word_1_190' title='bbox 492 3548 633 3634; x_wconf 87' lang='lat' dir='ltr'><strong>Epicuri,</strong></span> <span class='ocrx_word' id='word_1_191' title='bbox 643 3546 695 3613; x_wconf 90' lang='lat' dir='ltr'><strong>oui</strong></span> <span class='ocrx_word' id='word_1_192' title='bbox 708 3556 838 3633; x_wconf 89' lang='lat' dir='ltr'><strong>propter</strong></span> <span class='ocrx_word' id='word_1_193' title='bbox 846 3545 1005 3611; x_wconf 83' lang='lat' dir='ltr'><strong>inventam</strong></span> <span class='ocrx_word' id='word_1_194' title='bbox 1015 3557 1048 3611; x_wconf 89' lang='lat' dir='ltr'><strong>et</strong></span> <span class='ocrx_word' id='word_1_195' title='bbox 1055 3545 1242 3632; x_wconf 85' lang='lat' dir='ltr'><strong>explicatam</strong></span> <span class='ocrx_word' id='word_1_196' title='bbox 1252 3546 1323 3634; x_wconf 88' lang='lat' dir='ltr'><strong>phi.</strong></span> 
     </span>
     <span class='ocr_line' id='line_1_23' title="bbox 193 3658 1322 3749; baseline -0.002 -22"><span class='ocrx_word' id='word_1_197' title='bbox 193 3658 361 3749; x_wconf 88' lang='lat' dir='ltr'><strong>iosophiam</strong></span> <span class='ocrx_word' id='word_1_198' title='bbox 375 3662 446 3748; x_wconf 89' lang='lat' dir='ltr'><strong>plus</strong></span> <span class='ocrx_word' id='word_1_199' title='bbox 460 3661 575 3727; x_wconf 88' lang='lat' dir='ltr'><strong>debent</strong></span> <span class='ocrx_word' id='word_1_200' title='bbox 588 3659 743 3738; x_wconf 87' lang='lat' dir='ltr'><strong>homines,</strong></span> <span class='ocrx_word' id='word_1_201' title='bbox 759 3681 855 3746; x_wconf 87' lang='lat' dir='ltr'><strong>quam</strong></span> <span class='ocrx_word' id='word_1_202' title='bbox 878 3659 998 3738; x_wconf 85' lang='lat' dir='ltr'><strong>Cereri,</strong></span> <span class='ocrx_word' id='word_1_203' title='bbox 1013 3658 1151 3738; x_wconf 86' lang='lat' dir='ltr'><strong>Baccho,</strong></span> <span class='ocrx_word' id='word_1_204' title='bbox 1176 3658 1322 3740; x_wconf 75' lang='lat' dir='ltr'><strong>HermIi,</strong></span> 
     </span>
     <span class='ocr_line' id='line_1_24' title="bbox 194 3770 1323 3864; baseline -0.004 -24"><span class='ocrx_word' id='word_1_205' title='bbox 194 3771 314 3862; x_wconf 69' lang='lat' dir='ltr'><strong>aliisque</strong></span> <span class='ocrx_word' id='word_1_206' title='bbox 328 3774 422 3853; x_wconf 80' lang='lat' dir='ltr'><strong>divis,</strong></span> <span class='ocrx_word' id='word_1_207' title='bbox 437 3797 515 3861; x_wconf 89' lang='lat' dir='ltr'><strong>quos</strong></span> <span class='ocrx_word' id='word_1_208' title='bbox 528 3774 611 3864; x_wconf 84' lang='lat' dir='ltr'><strong>grati</strong></span> <span class='ocrx_word' id='word_1_209' title='bbox 625 3783 825 3849; x_wconf 84' lang='lat' dir='ltr'><strong>venerantur,</strong></span> <span class='ocrx_word' id='word_1_210' title='bbox 841 3771 883 3836; x_wconf 82' lang='lat' dir='ltr'><strong>ad</strong></span> <span class='ocrx_word' id='word_1_211' title='bbox 903 3794 970 3836; x_wconf 95' lang='grc' dir='ltr'><strong>νοτ.</strong></span> <span class='ocrx_word' id='word_1_212' title='bbox 997 3777 1048 3835; x_wconf 91' lang='grc'><strong>55.</strong></span> <span class='ocrx_word' id='word_1_213' title='bbox 1071 3770 1231 3857; x_wconf 73' lang='lat' dir='ltr'><strong>predicat</strong></span> <span class='ocrx_word' id='word_1_214' title='bbox 1276 3770 1323 3836; x_wconf 91' lang='grc' dir='ltr'><strong>ΙΙ.</strong></span> 
     </span>
     <span class='ocr_line' id='line_1_25' title="bbox 193 3881 1324 3972; baseline -0.003 -21"><span class='ocrx_word' id='word_1_215' title='bbox 193 3881 324 3966; x_wconf 82' lang='lat' dir='ltr'><strong>Deinde,</strong></span> <span class='ocrx_word' id='word_1_216' title='bbox 342 3886 377 3950; x_wconf 93' lang='lat' dir='ltr'><strong>in</strong></span> <span class='ocrx_word' id='word_1_217' title='bbox 392 3908 456 3950; x_wconf 88' lang='grc' dir='ltr'><strong>νοτ.</strong></span> <span class='ocrx_word' id='word_1_218' title='bbox 472 3891 523 3950; x_wconf 76' lang='lat'><strong>92.</strong></span> <span class='ocrx_word' id='word_1_219' title='bbox 538 3885 688 3972; x_wconf 85' lang='lat' dir='ltr'><strong>proponit</strong></span> <span class='ocrx_word' id='word_1_220' title='bbox 702 3883 797 3949; x_wconf 88' lang='lat' dir='ltr'><strong>totius</strong></span> <span class='ocrx_word' id='word_1_221' title='bbox 810 3882 881 3947; x_wconf 85' lang='lat' dir='ltr'><strong>libri</strong></span> <span class='ocrx_word' id='word_1_222' title='bbox 896 3894 1127 3972; x_wconf 83' lang='lat' dir='ltr'><strong>argumentum,</strong></span> <span class='ocrx_word' id='word_1_223' title='bbox 1150 3883 1237 3969; x_wconf 88' lang='lat' dir='ltr'><strong>eujus</strong></span> <span class='ocrx_word' id='word_1_224' title='bbox 1250 3905 1324 3969; x_wconf 85' lang='lat' dir='ltr'><strong>par·</strong></span> 
     </span>
     <span class='ocr_line' id='line_1_26' title="bbox 193 3993 1324 4084; baseline -0.001 -23"><span class='ocrx_word' id='word_1_225' title='bbox 193 4005 233 4061; x_wconf 86' lang='lat' dir='ltr'><strong>tes</strong></span> <span class='ocrx_word' id='word_1_226' title='bbox 245 4010 357 4084; x_wconf 84' lang='lat' dir='ltr'><strong>postea</strong></span> <span class='ocrx_word' id='word_1_227' title='bbox 370 3997 516 4083; x_wconf 81' lang='lat' dir='ltr'><strong>explicat:</strong></span> <span class='ocrx_word' id='word_1_228' title='bbox 539 4010 571 4063; x_wconf 89' lang='lat' dir='ltr'><strong>et</strong></span> <span class='ocrx_word' id='word_1_229' title='bbox 587 3997 651 4062; x_wconf 90' lang='lat'><em>111.</em></span> <span class='ocrx_word' id='word_1_230' title='bbox 665 3996 707 4062; x_wconf 85' lang='lat' dir='ltr'><strong>ad</strong></span> <span class='ocrx_word' id='word_1_231' title='bbox 720 4019 784 4061; x_wconf 88' lang='grc' dir='ltr'><strong>νοτ.</strong></span> <span class='ocrx_word' id='word_1_232' title='bbox 804 3999 874 4060; x_wconf 86' lang='grc'><strong>157.</strong></span> <span class='ocrx_word' id='word_1_233' title='bbox 889 4006 1017 4073; x_wconf 85' lang='lat' dir='ltr'><strong>terram,</strong></span> <span class='ocrx_word' id='word_1_234' title='bbox 1029 4016 1127 4074; x_wconf 85' lang='lat' dir='ltr'><strong>mare,</strong></span> <span class='ocrx_word' id='word_1_235' title='bbox 1138 3993 1263 4073; x_wconf 79' lang='lat' dir='ltr'><strong>melum,</strong></span> <span class='ocrx_word' id='word_1_236' title='bbox 1274 4016 1324 4060; x_wconf 89' lang='lat' dir='ltr'><strong>so·</strong></span> 
     </span>
     <span class='ocr_line' id='line_1_27' title="bbox 192 4104 1323 4194; baseline -0.004 -20"><span class='ocrx_word' id='word_1_237' title='bbox 192 4104 258 4188; x_wconf 83' lang='lat' dir='ltr'><strong>lem,</strong></span> <span class='ocrx_word' id='word_1_238' title='bbox 279 4109 397 4186; x_wconf 82' lang='lat' dir='ltr'><strong>sidem,</strong></span> <span class='ocrx_word' id='word_1_239' title='bbox 412 4109 556 4174; x_wconf 82' lang='lat' dir='ltr'><strong>mortalia</strong></span> <span class='ocrx_word' id='word_1_240' title='bbox 575 4109 678 4186; x_wconf 90' lang='lat' dir='ltr'><strong>docet,</strong></span> <span class='ocrx_word' id='word_1_241' title='bbox 694 4129 766 4185; x_wconf 92' lang='lat' dir='ltr'><strong>nec,</strong></span> <span class='ocrx_word' id='word_1_242' title='bbox 781 4106 867 4194; x_wconf 92' lang='lat' dir='ltr'><strong>quod</strong></span> <span class='ocrx_word' id='word_1_243' title='bbox 883 4107 980 4172; x_wconf 85' lang='lat' dir='ltr'><strong>Stoici</strong></span> <span class='ocrx_word' id='word_1_244' title='bbox 994 4117 1157 4192; x_wconf 83' lang='lat' dir='ltr'><strong>putammt,</strong></span> <span class='ocrx_word' id='word_1_245' title='bbox 1174 4107 1323 4187; x_wconf 85' lang='lat' dir='ltr'><strong>animata,</strong></span> 
     </span>
     <span class='ocr_line' id='line_1_28' title="bbox 194 4216 1325 4308; baseline -0.001 -25"><span class='ocrx_word' id='word_1_246' title='bbox 194 4216 240 4284; x_wconf 86' lang='lat' dir='ltr'><strong>dei</strong></span> <span class='ocrx_word' id='word_1_247' title='bbox 253 4221 351 4308; x_wconf 87' lang='lat' dir='ltr'><strong>ipsius</strong></span> <span class='ocrx_word' id='word_1_248' title='bbox 367 4233 483 4307; x_wconf 83' lang='lat' dir='ltr'><strong>partes,</strong></span> <span class='ocrx_word' id='word_1_249' title='bbox 498 4233 553 4286; x_wconf 87' lang='lat' dir='ltr'><strong>aut</strong></span> <span class='ocrx_word' id='word_1_250' title='bbox 567 4220 673 4286; x_wconf 90' lang='lat' dir='ltr'><strong>sedem</strong></span> <span class='ocrx_word' id='word_1_251' title='bbox 680 4232 713 4285; x_wconf 86' lang='lat' dir='ltr'><strong>et</strong></span> <span class='ocrx_word' id='word_1_252' title='bbox 722 4219 915 4284; x_wconf 88' lang='lat' dir='ltr'><strong>domicilium</strong></span> <span class='ocrx_word' id='word_1_253' title='bbox 924 4218 1057 4284; x_wconf 87' lang='lat' dir='ltr'><strong>deorum</strong></span> <span class='ocrx_word' id='word_1_254' title='bbox 1070 4240 1147 4297; x_wconf 88' lang='lat' dir='ltr'><strong>esse,</strong></span> <span class='ocrx_word' id='word_1_255' title='bbox 1163 4218 1249 4305; x_wconf 92' lang='lat' dir='ltr'><strong>quod</strong></span> <span class='ocrx_word' id='word_1_256' title='bbox 1257 4217 1325 4282; x_wconf 83' lang='lat' dir='ltr'><strong>vul·</strong></span> 
     </span>
     <span class='ocr_line' id='line_1_29' title="bbox 195 4330 1322 4422; baseline -0.004 -23"><span class='ocrx_word' id='word_1_257' title='bbox 195 4335 428 4422; x_wconf 64' lang='lat' dir='ltr'><strong>gtsexistimat,</strong></span> <span class='ocrx_word' id='word_1_258' title='bbox 443 4334 559 4399; x_wconf 83' lang='lat' dir='ltr'><strong>asserit.</strong></span> <span class='ocrx_word' id='word_1_259' title='bbox 598 4334 656 4399; x_wconf 90' lang='lat' dir='ltr'><strong>IV.</strong></span> <span class='ocrx_word' id='word_1_260' title='bbox 672 4333 724 4399; x_wconf 85' lang='lat' dir='ltr'><strong>Ne</strong></span> <span class='ocrx_word' id='word_1_261' title='bbox 734 4335 803 4422; x_wconf 91' lang='lat' dir='ltr'><strong>quis</strong></span> <span class='ocrx_word' id='word_1_262' title='bbox 814 4333 968 4398; x_wconf 92' lang='lat' dir='ltr'><strong>mundum</strong></span> <span class='ocrx_word' id='word_1_263' title='bbox 983 4331 1072 4398; x_wconf 86' lang='lat' dir='ltr'><strong>adiis</strong></span> <span class='ocrx_word' id='word_1_264' title='bbox 1086 4330 1179 4396; x_wconf 85' lang='lat' dir='ltr'><strong>fuisse</strong></span> <span class='ocrx_word' id='word_1_265' title='bbox 1192 4330 1322 4408; x_wconf 83' lang='lat' dir='ltr'><strong>factum,</strong></span> 
     </span>
     <span class='ocr_line' id='line_1_30' title="bbox 195 4443 1324 4532; baseline -0.006 -21"><span class='ocrx_word' id='word_1_266' title='bbox 195 4453 282 4532; x_wconf 80' lang='lat' dir='ltr'><strong>atque</strong></span> <span class='ocrx_word' id='word_1_267' title='bbox 296 4445 370 4511; x_wconf 87' lang='lat' dir='ltr'><strong>ideo</strong></span> <span class='ocrx_word' id='word_1_268' title='bbox 384 4445 591 4512; x_wconf 80' lang='lat' dir='ltr'><strong>immortalem</strong></span> <span class='ocrx_word' id='word_1_269' title='bbox 606 4445 724 4525; x_wconf 89' lang='lat' dir='ltr'><strong>credat,</strong></span> <span class='ocrx_word' id='word_1_270' title='bbox 740 4446 782 4511; x_wconf 85' lang='lat' dir='ltr'><strong>ad</strong></span> <span class='ocrx_word' id='word_1_271' title='bbox 797 4467 859 4510; x_wconf 84' lang='lat' dir='ltr'><strong>ver.</strong></span> <span class='ocrx_word' id='word_1_272' title='bbox 875 4451 949 4509; x_wconf 74' lang='lat'><strong>236.</strong></span> <span class='ocrx_word' id='word_1_273' title='bbox 971 4445 1071 4510; x_wconf 85' lang='lat' dir='ltr'><strong>varias</strong></span> <span class='ocrx_word' id='word_1_274' title='bbox 1093 4443 1228 4506; x_wconf 86' lang='lat' dir='ltr'><strong>rationes</strong></span> <span class='ocrx_word' id='word_1_275' title='bbox 1247 4461 1324 4505; x_wconf 91' lang='lat' dir='ltr'><strong>oon-</strong></span> 
     </span>
     <span class='ocr_line' id='line_1_31' title="bbox 197 4551 1323 4646; baseline -0.008 -19"><span class='ocrx_word' id='word_1_276' title='bbox 197 4557 284 4643; x_wconf 73' lang='lat' dir='ltr'><strong>gent,</strong></span> <span class='ocrx_word' id='word_1_277' title='bbox 298 4569 366 4626; x_wconf 89' lang='lat' dir='ltr'><strong>tam</strong></span> <span class='ocrx_word' id='word_1_278' title='bbox 379 4579 400 4624; x_wconf 88' lang='lat' dir='ltr'><strong>a</strong></span> <span class='ocrx_word' id='word_1_279' title='bbox 413 4556 525 4626; x_wconf 71' lang='lat' dir='ltr'><strong>notaui</strong></span> <span class='ocrx_word' id='word_1_280' title='bbox 540 4557 685 4641; x_wconf 87' lang='lat' dir='ltr'><strong>deorum,</strong></span> <span class='ocrx_word' id='word_1_281' title='bbox 709 4581 804 4645; x_wconf 86' lang='lat' dir='ltr'><strong>quam</strong></span> <span class='ocrx_word' id='word_1_282' title='bbox 827 4557 942 4626; x_wconf 84' lang='lat' dir='ltr'><strong>avitiis</strong></span> <span class='ocrx_word' id='word_1_283' title='bbox 955 4556 1048 4646; x_wconf 86' lang='lat' dir='ltr'><strong>hujus</strong></span> <span class='ocrx_word' id='word_1_284' title='bbox 1062 4553 1184 4634; x_wconf 89' lang='lat' dir='ltr'><strong>mundi,</strong></span> <span class='ocrx_word' id='word_1_285' title='bbox 1200 4551 1323 4634; x_wconf 72' lang='lat' dir='ltr'><strong>ductas,</strong></span> 
     </span>
    </p>

    <p class='ocr_par' dir='ltr' id='par_1_5' title="bbox 718 4678 778 4736">
     <span class='ocr_line' id='line_1_32' title="bbox 718 4678 778 4736; baseline -0.017 0"><span class='ocrx_word' id='word_1_286' title='bbox 718 4693 737 4736; x_wconf 92' lang='lat' dir='ltr'><strong>c</strong></span> <span class='ocrx_word' id='word_1_287' title='bbox 759 4678 778 4735; x_wconf 82' lang='grc'>3</span> 
     </span>
    </p>
   </div>
   <div class='ocr_carea' id='block_1_5' title="bbox 0 0 1444 5334">
    <p class='ocr_par' dir='ltr' id='par_1_6' title="bbox 0 0 1444 5334">
     <span class='ocr_line' id='line_1_33' title="bbox 0 0 1444 5334; baseline 0 0"><span class='ocrx_word' id='word_1_288' title='bbox 0 0 1444 5334; x_wconf 95' lang='lat' dir='ltr'><strong> </strong></span> 
     </span>
    </p>
   </div>
  </div>
 </body>
</html>
