2864 5334
445 512 452 519 ’
516 558 588 626 sn
611 557 918 629 Lucronnu.
1199 569 1279 633 mu

150 747 211 816 Alis
229 755 309 813 sunt
333 743 474 830 insumet,
503 745 676 810 mess-vitre
697 748 833 813 rationes
846 749 1053 838 stringentia,
1076 761 1108 815 et
1128 772 1277 840 magnam

148 857 220 948 spud
231 869 364 923 mentes
385 855 536 944 benignus
557 855 738 922 humanitus
752 858 960 924 admissorum
974 863 1208 928 excusationem
1221 864 1278 928 ha·

147 968 346 1039 bitursz—de
367 966 480 1054 quibus
502 978 607 1031 tamen
629 968 737 1035 melius
758 981 862 1036 tacere
882 984 972 1059 puto,
1003 995 1098 1060 quom
1120 975 1280 1062 questibus

145 1081 310 1151 unbitiosis
324 1079 462 1146 inaniter
475 1078 646 1168 indulgere.

176 1306 299 1387 Porro,
322 1327 366 1372 ne
382 1328 435 1372 me
447 1304 598 1386 fortassis,
614 1307 654 1373 eb
669 1307 722 1373 uli
743 1309 855 1394 pueu'li
874 1323 1002 1392 φιλιυτᾳ
1025 1309 1278 1392 remotissimum,

145 1417 234 1484 lector
246 1418 412 1484 existimet
425 1418 560 1505 propriis
575 1418 693 1508 ingenii
703 1417 815 1484 fetibus
829 1420 899 1505 plus
914 1443 1006 1508 aequo
1021 1421 1178 1501 delectari,
1195 1422 1282 1509 quod

144 1551 210 1596 eum
223 1530 318 1594 toties
332 1528 377 1594 ad
386 1529 501 1595 Silvam
515 1550 618 1594 meam
635 1529 779 1601 Criticam
794 1530 982 1609 remiserim;
998 1532 1158 1598 docendus
1173 1546 1280 1613 restet,

143 1663 190 1706 me
203 1654 405 1729 compertum
418 1639 545 1719 hebere,
566 1649 612 1704 ‘ex
626 1662 685 1705 usu
706 1639 867 1705 literarum
882 1643 1064 1722 maturiore,
1091 1644 1227 1730 plurimo
1245 1645 1279 1709 in

144 1754 203 1819 istis
223 1751 497 1819 lucubrationibus
510 1750 657 1829 inveniri,
683 1772 756 1837 quor
770 1751 832 1815 sint
840 1752 1019 1837 juveniliter
1045 1757 1223 1835 temeraria,
1246 1782 1282 1815 a.

144 1863 299 1949 eguinum
310 1886 455 1951 prorsus,
470 1875 502 1929 et
511 1862 641 1928 homine
652 1863 761 1927 critico
771 1862 902 1952 indigne
907 1892 918 1942 ς
934 1864 989 1930 sed
998 1888 1069 1952 quae
1083 1867 1118 1931 in
1126 1867 1282 1933 sitientem

145 1976 243 2057 samse,
269 1999 348 2042 rure
362 1988 469 2042 tamen
490 1974 645 2055 abditum,
661 1987 693 2039 et
707 1998 727 2039 a
739 1974 826 2040 libris
846 1976 1102 2065 sermonibusque
1116 1978 1283 2045 doetomm

144 2089 431 2176 dsjmcussimum,
446 2084 729 2174 bsillimepossent
744 2085 866 2152 cadere:
890 2101 963 2152 sunt
977 2101 1082 2154 autem
1092 2113 1199 2156 rursus
1213 2092 1282 2177 plu·

145 2202 219 2266 rimu
232 2202 291 2266 rite
306 2198 501 2287 excogitate,
524 2197 628 2284 qualia
641 2198 725 2262 viros
737 2197 853 2262 harum
867 2222 973 2264 rerum
990 2200 1133 2267 callentes
1141 2203 1283 2289 jucunde

145 2313 364 2389 morabuntur,
380 2322 413 2375 et
426 2321 551 2375 aetetem
564 2308 676 2374 ferent:
700 2333 737 2374 es
750 2310 958 2395 potissimum,
981 2334 1052 2398 quoe
1066 2314 1100 2377 iu
1115 2314 1199 2380 Novi
1212 2318 1284 2380 Foe·

147 2427 220 2491 deris
231 2421 452 2514 monumentis
465 2420 657 2507 explionndis
668 2431 762 2507 atque
772 2420 961 2486 illustrandis
972 2436 1179 2510 oocupantrm
1196 2427 1281 2508 alibi,

147 2539 200 2604 nisi
219 2536 323 2613 fallor,
348 2532 436 2598 haud
457 2544 574 2599 temere
594 2531 790 2619 reperienda:
825 2533 912 2620 quod
940 2534 1020 2598 serio
1042 2536 1283 2623 triumphamus.

149 2648 217 2716 Nou
230 2649 319 2715 enim
334 2645 358 2710 ii
374 2665 491 2724 sumus,
516 2645 571 2731 qui
592 2666 695 2710 saeros
709 2643 805 2709 libros
819 2644 868 2709 vel
882 2666 955 2710 cum
969 2645 1166 2713 nobilissimis
1180 2650 1284 2715 ethni.

149 2784 249 2828 rorum
270 2770 419 2825 veterum
432 2757 466 2820 in
481 2755 590 2822 eidem
605 2755 722 2822 trutinis
737 2756 865 2821 velimus
879 2778 1009 2842 ponere,
1024 2771 1080 2827 eut
1092 2761 1204 2827 eodem
1218 2773 1284 2827 stu·

150 2873 198 2938 dio
210 2868 485 2948 commentandos,
500 2891 538 2933 sc
547 2866 757 2947 meditandoS,
773 2867 908 2935 cordatis
917 2868 1025 2938 sutem
1033 2869 1214 2941 hominibus
1228 2897 1284 2941 eu·

150 2997 312 3053 tumemus:
339 2998 429 3047 mm
441 3006 472 3056 r·
483 3007 529 3056 ,Μ
542 2978 585 3047 2⁰³

442 3221 544 3292 Reum
556 3225 695 3288 χαλκείων,
707 3207 846 3287 &arnold
858 3208 997 3272 orsesium.

190 3431 262 3500 lem
275 3452 369 3510 vero,
383 3430 470 3517 prius
485 3430 560 3496 libet
573 3428 755 3494 brevissime
770 3428 952 3515 disquirere,
975 3448 1071 3514 quam
1085 3427 1159 3495 huic
1171 3427 1284 3516 praet'e·

153 3543 224 3610 tioni
244 3544 346 3610 finem
361 3565 491 3628 ponem,
515 3554 621 3608 utrum
645 3541 811 3607 Lueretius
832 3551 938 3606 noster
959 3539 1020 3607 elie
1040 3542 1158 3630 ingenii
1172 3564 1284 3610 monu-

152 3668 252 3722 mento
266 3655 428 3744 quaepiem
441 3654 536 3719 literis
549 3654 756 3731 mandaverit,
772 3675 844 3740 quse
852 3654 887 3718 in
896 3652 959 3717 hoc
973 3675 1077 3718 aevum
1090 3655 1286 3741 nonperdu·

153 3789 263 3834 revere.
293 3766 422 3845 Certe,
439 3787 511 3831 eum
526 3766 559 3829 in
574 3766 681 3830 arumo
703 3763 847 3830 habuisse
868 3765 909 3830 de
923 3765 984 3831 situ
998 3765 1194 3853 etqualitate
1207 3769 1286 3831 sedi·

153 3901 196 3943 um
209 3890 396 3959 omanus,
416 3901 493 3965 quus
507 3879 640 3944 numina
654 3877 786 3943 deorum
801 3889 920 3956 tenent,
935 3876 976 3942 de
990 3856 1163 3943 tenuissimd
1177 3878 1287 3942 itidem

152 3989 288 4078 ipsorum
301 3989 429 4067 nsturri,
451 4012 578 4076 prorsus
594 3990 739 4071 intectili,
762 4013 821 4057 nec
836 3989 1020 4057 adnittente
1034 4001 1152 4056 tectum
1166 3990 1286 4075 utique,

153 4125 208 4170 nec
226 4104 368 4171 vicissim·
382 4114 672 4181 exeroente3-non
694 4101 907 4188 perfunctorie
929 4102 1090 4182 disserere,
1112 4125 1169 4168 suo
1190 4100 1287 4187 ipsiru

155 4216 243 4281 etiem
257 4213 441 4282 testimonio
455 4208 657 4300 liquidissime
668 4212 834 4301 colligitur,
850 4213 884 4276 in
894 4211 947 4276 lib.
962 4237 991 4277 v.
1006 4235 1086 4278 verr.
1106 4216 1286 4277 147-158.

156 4349 248 4415 quum
263 4336 524 4419 argrunentomm
539 4327 774 4415 propositorum
792 4325 914 4405 seriem,
937 4325 992 4413 qui
1009 4323 1158 4412 sequitur,
1182 4342 1288 4387 versus

157 4438 288 4509 cbudst:
