2946 5356
183 775 276 866 Has,
293 773 409 850 decus
428 772 635 849 Aonidum!
662 780 774 873 atque
789 772 959 874 leporum
975 797 1110 874 magne
1123 774 1314 875 repertor!

230 925 342 1015 Situ,
360 923 391 998 si
408 921 523 998 velles
540 920 664 997 forsan
681 921 783 998 adire
799 920 911 1013 fores,

179 1074 256 1165 Tu,
273 1071 364 1147 mihi
381 1096 448 1171 per
464 1071 596 1170 longos
614 1069 707 1146 soles
723 1069 888 1171 vigilate,
906 1071 1100 1146 Lucum!

228 1230 255 1265 ‘⁶
274 1220 415 1320 Ecquis
432 1220 519 1295 es?'’
545 1219 706 1310 audires,
731 1227 757 1264 ‘⁸
776 1219 894 1312 Effer3
923 1231 961 1294 et
974 1220 1239 1297 undevenis?”

176 1370 322 1471 Jurgia,
340 1367 523 1458 avarities,
540 1366 618 1442 sitis
634 1367 838 1444 insaturata
850 1392 1089 1460 cruorum,-

227 1518 351 1606 Quem
369 1517 479 1608 datis,
496 1528 561 1590 aut
587 1516 745 1607 Charisi,
760 1516 949 1625 Pierisive,
966 1516 1091 1592 locum
1098 1517 1161 1591 ἓ-

180 1668 267 1755 Quo
278 1664 453 1741 ferimur?
479 1662 608 1753 nolim,
632 1688 760 1762 preme
777 1675 830 1754 te,
848 1665 1041 1763 spatiosius
1067 1690 1184 1757 erres;

227 1812 539 1911 Curriculumque
556 1822 679 1902 tuum,
695 1812 825 1913 lingua
839 1823 1025 1911 proterva,
1043 1823 1143 1888 tene.

178 1964 238 2039 Tu
255 1962 346 2036 mihi
363 1961 603 2061 principium,
621 1961 738 2037 Foru!
765 1972 807 2058 tu
822 1961 992 2037 carminis
1009 1961 1109 2036 idern

228 2109 377 2185 Auctor
390 2134 470 2185 eras
483 2109 612 2184 medii:
641 2121 684 2183 tu
701 2108 790 2183 mihi
808 2109 890 2185 finis
909 2110 991 2185 eris.

178 2261 399 2356 Prosperum
415 2258 488 2332 iter
502 2256 636 2333 facias!
662 2256 884 2356 placidoque
904 2259 973 2334 en!
1001 2258 1130 2358 accipe
1146 2257 1256 2336 vultu

226 2410 340 2484 Dona
351 2407 553 2483 voluntatis
571 2405 844 2506 qualiacunque
861 2431 966 2481 meae.

176 2557 227 2630 Et
243 2568 282 2632 te
300 2556 415 2654 digna
430 2566 573 2629 tamen:
601 2579 734 2654 corpus
752 2553 906 2630 sublime
925 2553 1115 2631 Lucuurn

226 2704 298 2779 Vel
316 2714 462 2777 tanturn
474 2702 613 2801 poterit
631 2702 881 2779 condecorare
898 2703 1030 2778 virum.

175 2855 226 2928 Et
242 2865 280 2927 te
298 2851 413 2950 digna
428 2862 553 2925 tamen
559 2880 571 2942 ;
599 2850 682 2941 nisi,
700 2852 763 2950 qui
777 2852 1014 2929 tenuissimus
1031 2852 1151 2944 offert,

223 2999 422 3098 Deprimat
439 2999 580 3100 egregii
597 2998 720 3077 nobile
737 3000 830 3075 vatis
848 3026 953 3100 opus.

1111 3197 1161 3274 G.
1189 3196 1247 3273 W.
