2864 5334
511 439 581 507 AD
603 436 903 506 LECTOREM

391 627 460 698 Quae
471 625 520 682 tibi
528 626 660 699 posteritas
672 643 762 684 uaso
775 642 900 684 snum
911 626 1039 698 probabo.

147 805 211 872 Sed
225 806 310 871 enim
325 831 367 874 an
382 809 546 876 absolverit
561 812 760 896 promissum,
776 824 809 877 et
822 811 932 900 ingens
946 830 1037 896 opus,
1052 807 1207 896 quantivis
1220 829 1281 873 ms-

147 918 324 984 timandum
346 923 450 1008 pretii,
470 922 571 986 ruinae
592 935 770 1010 temporum
792 921 1018 1009 oppresserint3
1052 941 1094 986 au
1115 918 1279 985 consilium

147 1033 327 1111 mutaverim
351 1056 393 1097 an
407 1056 513 1098 rursus
528 1033 562 1097 id
576 1046 721 1121 egentem
742 1056 828 1098 mors
842 1033 1048 1099 intercluserit
1061 1031 1188 1110 acerba,
1211 1030 1282 1096 nul·

146 1140 195 1208 lus
210 1145 353 1232 equidem
368 1146 409 1211 de
426 1145 521 1232 plano
535 1145 780 1233 affinnaverim„
810 1146 1047 1211 Commentario
1068 1167 1143 1211 sane
1159 1143 1281 1211 Servis·

145 1277 200 1333 na,
224 1256 265 1321 ad
280 1256 391 1347 virgil
414 1257 492 1322 AEn.
515 1259 554 1322 vi.
578 1265 652 1324 596.
675 1260 882 1345 suspicionem
898 1259 1041 1345 injiciunt
1061 1245 1148 1322 haud
1169 1254 1280 1333 levem,

145 1365 205 1431 hos
218 1368 324 1448 etiam,
348 1371 461 1457 quibus
474 1369 619 1451 fruimur,
642 1372 738 1437 libros
752 1394 808 1437 sex
829 1373 883 1439 De
897 1371 1023 1437 Naturd
1044 1371 1158 1435 Renes
1180 1364 1283 1456 aliqud

146 1490 237 1544 tenus
260 1481 456 1567 imperfectos
478 1482 520 1547 ad
549 1494 675 1548 oetstem
698 1496 839 1549 nostram
862 1483 1066 1549 descendisse:
1098 1481 1139 1547 de
1162 1478 1223 1568 qud
1248 1500 1284 1542 re

146 1591 280 1678 paucula
308 1593 544 1659 submonuimus
569 1595 604 1659 in
629 1596 744 1660 nostris
766 1594 1085 1661 animadversionibus
1107 1592 1149 1658 ad
1170 1591 1224 1657 lib.
1238 1589 1284 1654 iii.

148 1726 211 1768 ver.
228 1711 302 1769 991.
317 1727 381 1792 quo
396 1727 429 1769 se
442 1705 572 1770 lectores
586 1704 759 1770 conserant:

782 1911 864 1984 ιχδςον
875 1901 900 1963 lc
907 1929 952 1979 μοι
962 1928 1026 1963 mn

433 2023 513 2075 Αντις
527 2008 651 2090 ιςιζηλος
666 2033 777 2090 ugspm
786 2015 967 2086 μνδολογινω.

151 2199 250 2266 Aliud
264 2221 402 2278 carmen,
428 2198 579 2265 Lucretio
592 2199 748 2276 relictmn,
768 2197 842 2261 olim
857 2196 1020 2276 exstitisse,
1036 2197 1189 2262 Varronis
1203 2198 1290 2263 testi·

150 2312 259 2378 monio
273 2311 382 2376 saltem
395 2309 557 2398 probabile
571 2307 718 2385 efficitur;
753 2306 841 2394 cujus
854 2306 961 2386 verba,
984 2320 1080 2393 prout
1094 2309 1241 2399 legrmtur
1254 2311 1289 2374 in

150 2423 204 2489 lib.
226 2422 267 2487 iv.
294 2434 369 2487 sect.
385 2430 417 2486 8.
441 2422 481 2486 de
495 2422 570 2510 ling.
594 2420 666 2485 Lat.
682 2441 747 2484 non
769 2418 890 2508 pigebit
905 2419 1115 2507 adscripsisse:
1140 2431 1163 2466 ‘⁶
1180 2423 1210 2488 A
1226 2421 1289 2509 qud

152 2542 177 2578 a
192 2509 340 2620 sparus
354 2532 518 2612 divisone,
535 2532 731 2598 nummus
740 2552 868 2597 suorum
882 2533 1008 2597 unisset
1021 2534 1133 2620 viginta
1145 2536 1289 2599 rium

156 2656 180 2690 “
195 2647 321 2713 initium
334 2646 491 2712 fecithoc:

364 2882 383 2910 “
396 2880 520 2937 AEtheris
532 2889 560 2935 et
572 2889 650 2935 terrae
662 2878 805 2951 genitabile
816 2895 935 2951 quaerere
945 2877 1079 2952 tempus.”

157 3089 192 3154 Si
208 3110 300 3153 sanus
314 3088 354 3154 sit
367 3087 420 3153 hic
434 3087 632 3176 grammatici
646 3086 745 3165 locus,
767 3108 826 3151 nec
840 3085 962 3150 'nomini
982 3082 1113 3170 proprio
1127 3082 1290 3168 scripturae

153 3201 263 3266 vitium
277 3200 425 3278 insideat;
449 3199 511 3287 qud
526 3223 613 3278 voce,
630 3222 693 3286 quo
707 3199 795 3277 fletu,
811 3212 934 3264 tuntum
949 3198 1109 3262 literarum
1123 3193 1289 3259 infortuni·

151 3334 218 3391 mu,
248 3312 340 3376 nullis
365 3312 484 3388 artibus
509 3311 704 3389 medicabile,
731 3311 924 3400 lugebimus?
956 3307 1112 3395 Tempus!
1152 3318 1289 3372 vastator

155 3424 310 3500 omnium,
336 3423 393 3488 tibi
415 3422 557 3509 profecto
576 3421 662 3500 felix,
685 3421 819 3487 nimium
840 3422 925 3499 felix,
948 3420 1030 3485 visus
1052 3430 1099 3484 est
1121 3418 1288 3484 Musarum

154 3532 281 3612 chorus,
300 3532 370 3601 haec
385 3535 410 3599 si
425 3534 510 3598 dona
522 3533 652 3619 propria
664 3531 814 3612 fuissent,
823 3555 897 3598 nam
910 3531 1094 3611 Lucretium
1106 3554 1224 3610 meum,
1239 3529 1288 3595 vel

152 3645 272 3733 ingenii
296 3645 424 3725 viribus,
453 3644 501 3709 vel
516 3643 667 3734 elegantiis
693 3644 861 3725 doctrinae,
883 3644 980 3709 cuivis
1005 3654 1146 3711 vetemm
1167 3642 1288 3708 fortiter

152 3759 364 3844 opposuerim:
734 3781 736 3784 ·

723 3960 783 4033 quis
790 3969 832 4016 est
844 3956 976 4015 crudelior
985 3957 1015 4015 in
1026 3974 1076 4015 uos

255 4134 262 4142 .
386 4057 426 4111 Te
438 4054 533 4112 Deus?
550 4060 589 4116 Ut
601 4075 703 4131 semper
711 4056 811 4130 gaudes
819 4055 931 4113 illudere
938 4057 1018 4112 rebus

348 4207 353 4214 .
381 4150 528 4208 Humanis!

195 4355 355 4447 Denique,
370 4359 420 4427 ob'
429 4359 652 4448 grandissimos
660 4360 763 4448 operis
776 4359 905 4449 hujusce
918 4369 1071 4447 sumptus,
1085 4354 1162 4423 mibi
1171 4354 1289 4445 gravis-

707 4491 725 4536 s
